2756 4662
613 454 654 518 53

233 655 306 718 nun
332 641 432 701 coint.
484 632 753 719 Striaflateralis
779 649 813 700 et
838 637 1036 722 terminalis
1053 641 1190 722 aproxi.

236 755 343 816 mate,
382 758 503 820 parum
542 735 734 818 profundae.
783 737 920 806 Puncta
954 739 1191 806 minutissima

233 841 274 902 in
302 854 371 903 tota
398 836 583 919 superficie
616 838 813 922 elytrorum
838 854 969 907 temere
994 857 1077 907 sunt
1099 863 1190 924 spar-

235 963 284 1016 sa,
324 961 455 1002 summo
485 937 595 1001 limbo
622 938 777 1018 laterali,
816 954 850 1002 et
876 963 953 1006 area
978 963 1086 1026 parva
1116 943 1192 1006 sub·
1271 1019 1274 1027 .

236 1038 414 1104 scutellari
440 1061 543 1120 supra
567 1037 705 1103 tertiam
726 1053 759 1101 et
788 1056 944 1122 quartam
971 1043 1090 1108 siriam
1117 1044 1193 1105 dor-

235 1142 343 1204 salem
376 1159 449 1206 sese
488 1141 724 1215 extendente,
764 1140 989 1222 levissimis,
1024 1142 1192 1224 exceptis.

239 1241 361 1304 Pectus
385 1254 418 1302 et
445 1243 608 1304 Abdomett
636 1255 832 1317 atro-aenea,
864 1227 1084 1323 punctuiata,
1111 1256 1195 1306 ster-

227 1341 286 1404 no
320 1341 362 1404 ad
388 1361 424 1402 os
452 1361 564 1423 usque
591 1341 774 1420 producto,
813 1342 910 1423 apice
938 1343 1196 1408 subro‘tundato.

239 1441 345 1506 Pedes
373 1438 501 1522 postice
527 1441 935 1520 aeneo-subrufeseentes,
963 1443 1058 1508 tibiis
1073 1464 1196 1526 parum

242 1539 410 1616 dilatatis,
444 1538 597 1624 spinulis
628 1539 832 1621 quibusdam
866 1542 1051 1622 brevibus,
1089 1544 1197 1606 inter-

241 1639 368 1706 mediis
395 1654 428 1704 et
464 1637 589 1704 anticis
616 1637 723 1726 magis
750 1641 850 1719 rufis,
877 1643 1054 1730 magisque
1079 1644 1197 1707 dilata-

241 1742 303 1818 tis,
342 1738 418 1802 illis
457 1739 670 1823 spinulosis,
712 1740 769 1806 his
807 1744 1012 1810 submuticis
1037 1741 1196 1809 crenulis

242 1846 342 1906 modo
380 1839 543 1923 plurimis
583 1843 689 1907 valde
715 1843 872 1930 exiguis,
912 1844 1077 1928 nonnisi
1104 1858 1198 1908 cetto

242 1943 312 2008 situ
335 1941 573 2007 observandis.

289 2105 372 2168 Ons.
404 2104 448 2166 iix
459 2105 575 2168 Musaeo
598 2101 748 2166 ditissimo
769 2103 859 2166 Dom.
883 2104 919 2165 de
944 2101 1106 2179 Sehesiedt
1127 2105 1199 2170 mihi

334 2191 481 2250 benevole
500 2188 753 2259 communicatus.
780 2199 810 2250 ut
834 2189 1109 2254 habitatioincettt.

109 2393 270 2459 XXXIX.
304 2399 412 2462 Hnn.
442 2393 738 2477 splendens
771 2411 898 2477 entus,
930 2392 1066 2461 thorace
1088 2394 1200 2462 antica

246 2495 347 2563 tmids
381 2508 585 2584 angustato,
613 2494 746 2582 *eiytris
773 2493 954 2572 caeruleis,
995 2495 1201 2560 interstitiis

245 2591 1200 2683 omnibusstriarumdorsaliumpotticequcpunctatissi·

247 2698 335 2778 mis,
359 2695 457 2762 tibiis
483 2683 848 2762 anticissexdmtatis.
901 2684 1106 2782 Tatius.
1123 2708 1199 2761 vu.
1299 2778 1301 2786 Ι

250 2849 386 2934 Habitat
419 2848 451 2906 itt
493 2847 569 2929 Cap.
606 2848 673 2909 bon.
713 2846 788 2927 spei.
815 2847 915 2908 Dom.
946 2845 1138 2927 Spnrrman:
1168 2848 1201 2906 in

304 2947 543 3031 Tranquebnrin
573 2947 674 3012 Dom.
695 2947 732 3006 de
755 2944 925 3008 Seitestedt.

259 3155 360 3234 Caput
389 3169 539 3226 aeneum,
582 3147 746 3222 nitidum,
779 3127 894 3210 fronte
916 3163 1089 3218 convexa,
1115 3166 1201 3224 pun·

254 3266 352 3328 stata,
379 3250 460 3314 stria
485 3249 679 3324 ordinaria,
717 3262 946 3316 antennarum
974 3247 1073 3311 clava
1098 3241 1202 3305 fusca.

259 3355 388 3414 Thorax
422 3350 534 3416 amice
560 3349 624 3412 vix
652 3341 1119 3429 latitudine.longitudinis,
1148 3365 1202 3423 po·

258 3449 341 3514 stice
381 3451 460 3532 plus
500 3449 606 3530 duplo
637 3447 759 3524 latior,
796 3448 914 3509 subtus
940 3443 1201 3504 aeneo-coerule-

252 3571 369 3624 scens,
399 3570 502 3630 supra
526 3566 643 3634 aeneus
671 3545 923 3618 nitidissimus,
949 3540 1104 3614 tenuiter
1118 3566 1202 3608 mar-

251 3649 409 3736 ginatus,
434 3666 635 3723 convexus,
662 3648 773 3708 antice
797 3645 930 3708 fossula
945 3640 1114 3724 utrinque
1131 3665 1204 3724 pro-

254 3749 364 3814 funde
392 3766 568 3832 punetata,
598 3747 752 3834 margine
788 3745 926 3810 laterali
964 3743 1032 3806 late
1062 3741 1206 3826 profun-

254 3851 383 3933 deque,
410 3848 635 3912 antico‘vero
660 3845 752 3910 intei·
779 3845 943 3924 fossulae,
979 3845 1079 3910 nculo
1109 3847 1207 3907 modo

255 3963 392 4028 armato,
428 3949 632 4015 tenuissime
660 3947 878 4030 punctulato,
905 3965 1036 4008 sutntno
1063 3946 1205 4026 postico,
1280 3959 1283 3966 ‘

257 4049 396 4131 punctis
428 4049 652 4132 paucioribus
677 4044 781 4109 etiam
811 4045 989 4126 adsperso,
1026 4033 1124 4108 'disco
1150 4067 1203 4108 se.
