2756 4662
701 457 746 526 14

325 641 435 726 duplo
460 641 536 706 fere
562 639 682 720 latior,
709 661 832 727 parum
855 655 1053 717 convexus,
1080 643 1176 708 striis
1199 645 1286 714 late.

324 743 457 808 talibus
485 741 652 830 integris,
669 744 799 826 postica
822 744 1172 825 nonapproximatis,
1190 777 1288 828 exte.
1370 810 1371 874 t

322 846 433 916 tiore,
473 844 621 932 margini
649 846 755 910 valde
784 842 999 926 propinqua,
1038 851 1153 915 amice
1180 857 1288 927 etiam

322 943 512 1020 ambiente,
542 944 638 1028 quod
663 968 732 1011 non
764 943 841 1008 de
833 958 975 1008 rnterna
1000 945 1105 1014 valet
1156 952 1239 1019 In
1231 985 1287 1025 rn-

326 1043 487 1110 dividuis
525 1043 620 1111 binis
645 1067 663 1109 a
687 1068 739 1114 me
765 1043 855 1109 visis
880 1039 963 1111 cilia
991 1039 1090 1113 nulla
1116 1058 1289 1143 margins.
1371 1109 1372 1112 ,

320 1144 371 1212 lia
397 1144 595 1210 observavi.
647 1147 762 1233 Elyrro
786 1144 925 1209 thorace
954 1145 1018 1210 vix
1048 1148 1197 1232 dimidio
1209 1160 1288 1225 lon.

322 1246 434 1335 giora,
459 1242 644 1330 amiceque
675 1247 864 1313 latitudine
890 1243 966 1329 ejus
990 1248 1126 1330 baseos,
1153 1251 1192 1319 in
1220 1283 1289 1326 me.

320 1349 379 1412 dio
424 1347 528 1431 paulo
567 1349 723 1426 dilatata,
762 1344 893 1432 postice
938 1345 1068 1414 iterum
1092 1373 1287 1440 angustata,

322 1469 446 1534 parurn
473 1460 648 1526 convexa,
674 1447 787 1516 antice
811 1459 962 1534 puncto
969 1447 1027 1514 vel
1056 1446 1189 1518 fossula
1211 1459 1288 1524 exi.

321 1570 405 1636 gua,
432 1547 498 1611 vix
518 1549 588 1612 nisi
612 1567 705 1614 certo
720 1567 790 1616 srtu
808 1569 1011 1632 consprcua,
1049 1559 1288 1648 suprastriam
1373 1557 1374 1564 ’

323 1649 480 1734 quintam
507 1648 713 1715 dorsalem
703 1667 889 1732 impressa,
913 1647 996 1714 stria
1013 1649 1139 1732 prima,
1166 1677 1287 1726 secun

321 1749 362 1814 da
386 1764 420 1815 et
443 1747 546 1815 tertia
568 1747 742 1814 dorsalis
733 1765 889 1834 rntegra
915 1747 1059 1834 reliquae
1081 1761 1288 1826 verostria
1374 1759 1375 1780 ³

321 1873 391 1936 que
407 1848 576 1914 suturalis
590 1849 629 1914 in
646 1849 762 1914 medio
776 1848 932 1926 circiter,
949 1851 1008 1912 vel
1024 1869 1104 1917 ante
1121 1859 1289 1943 medium,

319 1947 547 2029 abbreviatae,
595 1966 628 2017 et
669 1947 847 2018 interdum
876 1948 1056 2031 punctulis
1086 1959 1185 2022 modo
1213 1983 1287 2042 par.

319 2051 377 2116 vis
404 2047 583 2134 impressis
615 2063 783 2116 constant.
846 2046 935 2113 Stria
960 2049 1153 2121 humeralis
1181 2061 1287 2127 valde

320 2153 492 2230 obsoleta,
533 2150 718 2238 marginali
758 2149 862 2235 paulo
885 2167 965 2214 ante
992 2151 1146 2221 medium
1173 2161 1287 2226 amice

318 2234 534 2335 interrupto
526 2250 718 2331 dislocata,
758 2249 840 2336 quia
867 2249 916 2314 ibi
942 2251 1039 2338 quasi
1068 2257 1287 2341 abbreviata,

320 2369 353 2420 at
380 2349 527 2439 margini
557 2354 660 2437 paulo
687 2353 848 2437 propior,
872 2351 976 2418 etiam
1003 2357 1108 2436 paulo
1122 2381 1213 2442 pone
1230 2366 1286 2426 ab

318 2451 579 2520 breviationem
605 2453 747 2544 iterum
782 2450 931 2534 incipit,
970 2469 1003 2518 et
1043 2454 1120 2520 iere
1158 2481 1285 2528 versus

320 2551 489 2622 humeros
528 2575 601 2620 sese
640 2553 771 2627 rendit;
810 2550 942 2614 fossula
980 2554 1136 2621 lateralis
1164 2583 1288 2643 parum

321 2653 509 2742 profunda,
537 2653 751 2738 punctulata.
800 2651 922 2716 Pectus
937 2668 971 2717 et
984 2657 1150 2722 Abdomen
1165 2669 1285 2727 crebre

321 2755 570 2841 profundeque
598 2767 773 2837 punctam,
815 2766 932 2818 sterno
958 2755 1000 2818 ad
1026 2778 1201 2844 osusque
1227 2782 1287 2826 ex.

321 2872 439 2932 tenso,
464 2853 563 2938 apice
592 2852 788 2917 rotundato.
850 2855 955 2919 Pedes
991 2855 1088 2921 tibiis
1122 2860 1287 2926 interme.

323 2956 392 3021 diis
418 2971 452 3020 et
478 2953 618 3038 posticis
646 2953 814 3030 dilatatis,
843 2951 1056 3037 spinulosis;
1080 2962 1205 3026 anticis
1230 2963 1288 3026 ad.

319 3055 389 3126 huc
404 3047 616 3133 *latioribus,
643 3052 843 3120 bidentatis.

379 3233 464 3298 0138.
486 3231 566 3297 Hirr.
591 3229 749 3302 Unicoiori
769 3229 886 3310 affinis,
908 3234 962 3299 sed
975 3233 1075 3300 differt
1091 3254 1218 3317 corpore
1237 3237 1288 3299 de·

434 3321 607 3395 pressiore,
630 3321 753 3382 dimidio
775 3319 908 3401 majore,
940 3321 1018 3385 tibiis
1034 3320 1137 3382 enticis
1157 3323 1289 3383 bidenta-

432 3405 491 3475 tis‚
515 3401 587 3465 stria
609 3417 731 3467 esterna
755 3407 915 3465 thoracis
908 3417 1022 3484 integra
1043 3405 1141 3466 antire
1156 3405 1290 3468 ambien-

428 3495 480 3560 te,
501 3496 534 3548 et
555 3487 626 3550 stris
650 3486 806 3568 marginali
826 3490 994 3569 elytrorunr
1015 3485 1101 3549 aliter
1123 3489 1266 3550 dislocata
1278 3528 1289 3560 ,

428 3588 497 3634 narn
530 3569 559 3632 in
596 3569 634 3633 Η
660 3565 829 3634 Untcolore
863 3590 930 3670 pars
965 3570 1030 3654 ejus
1065 3581 1189 3632 externa
1226 3593 1289 3636 non

433 3663 504 3716 ante
520 3655 774 3718 abbreviationem
796 3655 889 3738 partis
910 3655 1037 3717 internae
1060 3655 1174 3736 incipit

163 3845 246 3956 37Ι
270 3829 383 3928 lirsr'.
418 3877 460 3948 4
449 3881 560 3927 mac
577 3857 756 3928 ulatur
780 3871 856 3928 ater
881 3857 976 3929 stria
999 3875 1145 3930 externa
1173 3855 1293 3928 thora·

320 3965 374 4030 cir
410 3957 637 4045 brevissima,
674 3965 739 4058 eryt
744 3963 797 4028 rr'r
841 3961 976 4029 macula
1010 3959 1133 4032 iuncta
1178 3962 1293 4032 rubra

293 4059 477 4156 margini
498 4061 644 4133 adnexa.
703 4057 796 4134 Teia·
813 4057 902 4132 XII.
915 4057 953 4156 f.
977 4081 1005 4129 r.
