2756 4662
738 442 781 492 2⁰

363 633 470 697 fusca.
523 632 660 694 Thorax
687 628 802 692 amice
828 623 1058 711 longitudine
1084 627 1203 707 paulo,
1231 625 1329 706 posci?

363 752 402 794 ce
429 749 517 794 vero
543 731 623 812 plus
648 731 758 812 duplo
785 727 907 799 latior;
936 743 1136 802 convexus,
1173 724 1258 789 stria
1279 745 1328 786 ex·

361 831 496 896 teriore
523 829 674 914 margini
703 827 841 898 laterali
867 827 973 889 valde
998 826 1256 908 approximant,
1283 848 1330 888 sa-

364 932 446 1016 pius
469 932 508 994 in
533 929 664 1007 medio,
691 931 804 996 rarius
832 947 920 990 vero
946 930 1052 1009 paulo
1072 948 1164 1010 ponc
1182 927 1329 990 medium

364 1030 580 1106 abbreviata,
609 1025 784 1095 interiore
811 1028 970 1113 integra,
995 1028 1109 1092 amice
1138 1028 1245 1092 etiam
1273 1051 1331 1090 am-

364 1133 501 1203 bienre;
544 1131 701 1216 margine
727 1128 823 1196 omni
855 1130 992 1214 glabro,
1037 1130 1182 1192 minime
1210 1127 1330 1190 ciliaco.

366 1236 483 1314 Elytro
509 1232 649 1294 thorace
676 1229 823 1294 dimidio
847 1228 1024 1314 longiora,
1063 1248 1096 1293 et
1121 1231 1238 1294 antice
1264 1226 1329 1290 lati·

367 1331 495 1395 tudine
533 1334 609 1413 ejus
649 1332 785 1408 baseos,
831 1328 872 1392 in
901 1331 1019 1394 medio
1050 1333 1155 1394 valde
1182 1331 1330 1400 dilatata,

368 1431 500 1516 postiae
527 1430 659 1494 iterum
684 1445 876 1520 angustara3
913 1452 1072 1495 convexa
1098 1432 1197 1496 striis
1228 1429 1331 1492 tribus

368 1531 492 1615 primis
519 1531 714 1596 dorsalibus
739 1529 906 1617 integris,
947 1549 1182 1614 quarta.vero
1206 1533 1246 1594 in
1272 1549 1330 1590 mc-

369 1631 444 1709 dio,
474 1630 597 1714 quinta
623 1634 729 1714 paulo
757 1647 836 1696 ante
862 1632 1016 1696 medium
1042 1649 1075 1696 et
1099 1630 1331 1696 suturalisere

368 1732 410 1794 in
435 1730 560 1806 medio,
576 1731 809 1804 abbreviatis3
838 1732 922 1794 stria
944 1731 1147 1818 marginalis
1172 1733 1276 1796 etiam
1292 1729 1331 1788 fe·

371 1853 410 1894 re
439 1832 478 1894 in
504 1831 619 1894 medio
644 1831 860 1909 abbreviata,
904 1833 1052 1918 margini
1080 1849 1194 1896 tamen
1232 1831 1332 1894 adhuc

372 1930 572 2016 propiorin
595 1930 717 1995 striola
742 1953 760 1994 a
787 1930 898 2014 priori
922 1929 1073 1997 distante
1099 1933 1231 1996 iterum
1256 1929 1331 1993 inci-

374 2033 426 2116 pit
452 2047 485 2094 et
509 2023 584 2096 sere
608 2032 649 2094 ad
676 2034 840 2096 humeros
867 2031 966 2116 quasi
992 2032 1237 2106 continuatum
1275 2032 1331 2092 los·

375 2132 453 2196 sula
478 2131 633 2196 lateralis
661 2131 727 2194 vix
755 2133 967 2214 punctulata.
1033 2135 1199 2198 Abdomen
1223 2135 1332 2196 crebre

374 2233 629 2314 punctulatum·
680 2235 785 2297 Pedes
804 2232 901 2296 tibiis
922 2233 1090 2312 dilatatis,
1120 2229 1333 2298 intermediis
1362 2257 1363 2313 p

374 2347 409 2394 et
432 2331 574 2412 posticis
602 2333 815 2414 spinulosis‚
844 2333 968 2398 amicis
990 2334 1210 2412 tridentacis,
1240 2335 1333 2396 deme

374 2430 509 2512 enxtimo
538 2432 654 2496 bifido.

402 2573 506 2638 ons.
527 2575 635 2655 Elytrc
653 2595 760 2640 versus
781 2578 896 2656 apicem
918 2577 1007 2657 paulo
1032 2577 1181 2656 impressa
1202 2586 1235 2640 et
1255 2577 1333 2638 inter·

459 2662 529 2722 dum
554 2661 752 2723 subtilissime
773 2663 955 2744 punctulum.
1003 2661 1190 2724 individuum
1225 2662 1333 2725 unicum

459 2743 522 2804 vidi
554 2744 635 2806 tibiis
658 2746 764 2808 enticis
789 2749 882 2813 modo
911 2747 1091 2816 bicornis,
1124 2750 1214 2810 deute
1237 2759 1334 2819 nempe

459 2825 640 2888 intermedio
657 2829 832 2905 deficiente,
855 2839 886 2891 et
903 2830 979 2890 aliud
998 2829 1068 2889 tibia
1090 2827 1194 2890 dextra
1216 2831 1335 2890 bidenta-
1359 2899 1360 2914 χ

433 2921 507 2982 .ts,.
523 2921 553 2971 at
571 2911 694 2972 sinistra
712 2913 890 2986 tridentem,
920 2915 952 2974 ip
974 2911 1095 2992 reliquis
1118 2932 1191 2974 vero
1214 2912 1252 2974 H.
1271 2907 1334 2972 Uni·
1359 2939 1360 2974 l

455 2995 552 3056 colori
571 2993 738 3070 simillima,
759 3007 792 3056 ut
813 2997 889 3058 baud
907 2995 1010 3077 specie
1032 2996 1191 3072 distincta,
1213 2997 1265 3058 sed
1283 3011 1335 3054 mo·

454 3079 494 3139 do
517 3078 587 3142 lusu
604 3089 718 3160 acturae
737 3081 993 3164 ortaflvideantur.

234 3265 305 3333 XI.
335 3269 443 3333 Hrsr.
479 3270 811 3334 Thoracicus
851 3283 955 3352 acen·
992 3265 1133 3337 thorace
1159 3268 1336 3360 elycrcrum

383 3369 617 3456 longitudine,
658 3374 817 3459 margine
852 3372 942 3436 omni
963 3369 1187 3458 punctulum,
1226 3365 1337 3457 elytris

342 3501 345 3508 ¹
380 3469 485 3536 striis
519 3485 672 3556 quatuor
698 3467 905 3550 levissimis,
946 3469 1046 3536 tibiis
1069 3470 1199 3538 enticis
1223 3464 1336 3549 4-den·

385 3569 483 3635 tatii.
540 3561 627 3636 Tac.
651 3561 840 3664 Ilsslsstvr.

390 3751 528 3817 Habitat
556 3756 589 3812 ira
614 3753 768 3815 America
798 3754 1051 3833 septentrionali.-

388 3951 516 4026 Toros,
545 3948 645 4037 niger
678 3974 802 4033 parum
830 3952 975 4018 nitidus.
1042 3957 1145 4038 Caput
1171 3954 1271 4016 oculo
1294 3963 1334 4007 ar·

390 4065 483 4113 mare
528 4052 759 4116 subtilissime
801 4055 1064 4135 punctulorum
1109 4053 1207 4120 frons
1263 4043 1335 4114 scria
