2756 4662
650 355 669 429 ’ἱ
717 407 719 412 .

88 535 224 619 'sepius
247 535 345 619 quasi
371 529 660 616 intrisngulurn
690 533 883 618 oblongum
913 535 1076 616 dilatate,
1107 542 1220 607 denti·

95 641 160 704 bus
193 639 357 718 pluribus
373 638 433 701 vel
448 631 694 716 paucioribus,
718 633 909 716 majoribus
922 639 982 698 vel
1003 637 1217 720 minoribus,

98 739 214 801 rarius
232 735 404 812 inermes,
419 733 689 809 sublililormes3
706 731 791 798 tarsi
807 733 908 801 tibiis
921 737 1122 817 breviores,
1136 743 1216 804 arti.

96 839 189 902 culis
205 839 366 921 quinque
395 835 621 919 compressis,
646 852 794 921 quatuor
820 837 949 917 primis
977 837 1043 902 sibi
1059 841 1217 908 invicem

97 940 290 1014 similibus,
325 943 446 1002 subtus
473 936 678 1018 bispinosis,
705 937 832 1028 ultimo
859 939 1009 1001 articulo
1036 942 1216 1028 longiore,

97 1041 194 1122 apice
233 1044 370 1126 ungulo
409 1036 545 1122 duplici
573 1061 697 1119 parurn
724 1054 879 1101 curvato.
934 1038 999 1102 Ad
1026 1043 1134 1104 latera
1160 1066 1216 1126 pe.

99 1141 209 1204 ctoris·
231 1141 379 1204 foveolar
407 1163 469 1222 pro
497 1139 697 1220 receptione
721 1141 860 1223 pedum,
886 1163 972 1224 quos
1003 1143 1127 1205 Hister
1150 1157 1215 1208 ter-

104 1241 250 1306 refactus
278 1243 390 1306 statim
419 1239 662 1314 contrahit,ut
686 1259 861 1304 mortuum
894 1242 1054 1319 simulet,
1082 1257 1113 1306 at
1142 1265 1217 1308 non

99 1342 260 1406 diu'hoc
291 1341 332 1406 in
363 1359 450 1406 statu
478 1357 609 1414 manet,
637 1343 697 1404 sed
725 1341 855 1404 iterum
885 1341 1034 1424 pedibus
1063 1344 1216 1430 resurgit

96 1460 131 1506 et
162 1443 318 1529 effugere
345 1456 461 1506 tentat.
526 1441 738 1524 Magnitudo
774 1441 971 1521 specierum
1003 1445 1068 1504 hoc
1093 1442 1134 1506 in
1160 1465 1215 1529 ge·

97 1563 188 1607 nere
227 1544 376 1608 maxime
403 1540 536 1612 variat3
574 1563 592 1601 a
618 1554 747 1603 statura
771 1540 906 1605 scilicet
931 1541 1062 1605 Scarab.
1085 1541 1214 1607 Sterco-

97 1642 187 1706 rarii
214 1646 255 1705 ad
285 1643 511 1707 minimorum
539 1640 614 1704 lere
642 1641 940 1705 Eleuteratorum.
978 1645 1096 1707 Mares
1113 1659 1146 1708 et
1166 1643 1213 1706 se-

97 1743 218 1820 minae,
240 1759 411 1826 quantum
436 1741 647 1818 observavi,
664 1733 717 1804 ⁸de
742 1757 858 1804 cetero
883 1743 1029 1806 omnino
1054 1742 1213 1821 similes,

96 1862 130 1908 at
159 1845 299 1907 feminas
322 1847 432 1926 paulo
458 1843 613 1925 majores.

199 2030 249 2091 In
273 2049 401 2114 genera
430 2029 534 2111 plura
559 2027 623 2090 hoc
649 2047 773 2112 genus,
802 2026 983 2107 speciebus
1017 2031 1122 2094 valde
1151 2053 1214 2094 nu.

100 2149 290 2205 merosum,
333 2128 546 2196 distribuere
573 2127 703 2189 frustra
739 2126 886 2190 tentavi.
949 2126 1054 2190 Certe
1077 2131 1213 2213 species

99 2231 254 2311 quaedam
296 2231 477 2291 nonnullae
501 2255 520 2294 a
543 2227 668 2290 ceteris
698 2247 768 2308 quo
795 2227 836 2288 ad
860 2241 1070 2292 structuram
1096 2252 1213 2314 corpo-

97 2329 164 2391 riis
191 2329 335 2391 differre
368 2329 471 2392 nimis
498 2330 688 2401 videntur,
714 2341 752 2386 ut
780 2327 933 2407 exempli
962 2327 1071 2410 gratia
1100 2333 1213 2394 Histri

97 2434 227 2492 thorace
251 2434 391 2503 sulcato,
419 2431 478 2492 sed
499 2425 785 2509 metamorphosis
812 2445 936 2488 eorum
965 2427 1079 2493 adhuc
1107 2431 1213 2510 plane

59 2543 63 2548 '
96 2531 199 2605 latet,
227 2547 260 2591 et
287 2530 518 2594 instrumenta
556 2526 685 2592 cibaria
714 2524 754 2587 in
793 2524 888 2588 Hist.
917 2525 1055 2590 Sulcato
1082 2531 1213 2594 exemi.

98 2628 137 2690 ni
175 2632 341 2712 subjecta,
375 2631 513 2695 nullius
544 2625 708 2694 momenti
736 2624 972 2689 essentialiter
1003 2625 1146 2692 diversa
1170 2633 1213 2692 ab

102 2729 198 2790 Hist.
224 2729 429 2792 Unicoloris
464 2730 601 2793 inveni.
650 2724 761 2788 Nobis
787 2724 905 2808 igitur
921 2726 1023 2789 modo
1050 2745 1211 2808 superest

84 2815 337 2906 sectionibus,
363 2829 524 2894 tribubus
558 2846 591 2894 et
618 2824 763 2890 familiis
786 2825 1022 2910 cognitionem
1039 2827 1212 2914 hujusge-

99 2928 199 2992 neris
223 2932 430 3004 sublevare,
457 2953 565 3013 quare
585 2927 700 3012 primo
724 2914 1038 2988 idoneum'ceneui
1068 2928 1211 2991 Histros

97 3051 219 3092 omnes
237 3045 396 3109 respectu
420 3032 571 3095 thoracis
589 3031 630 3093 in
653 3043 722 3089 tres
741 3025 912 3090 sectiones
932 3024 1161 3112 distinguere.

211 3223 413 3311 SECTlO
438 3228 632 3316 PRIMA:
657 3255 785 3313 thorace
800 3247 1070 3328 tongtruunuuer
1085 3250 1210 3310 stricto.
1264 3259 1267 3268 ’

212 3335 420 3422 SECTlO
453 3340 747 3428 SECUNDA:
779 3367 905 3425 thoraca
939 3367 1034 3426 suits
1074 3365 1208 3446 longua.

776 3465 933 3526 dinolibtts
961 3467 1066 3526 nullis.

213 3547 418 3635 SECTIO
444 3555 694 3639 TERTlse
723 3552 850 3642 ituraea
871 3585 1005 3644 sulcato.

84 3671 178 3733 Has
217 3671 388 3737 sectiones
420 3678 575 3759 denique
608 3674 645 3739 in
687 3679 832 3754 Tribus,
875 3680 1072 3762 saepiusque
1102 3681 1209 3745 etiam

96 3769 140 3831 in
165 3771 332 3838 Familias
366 3791 399 3839 et
422 3776 602 3842 interdum
627 3777 667 3838 in
694 3779 957 3844 subdivisiones
983 3780 1118 3846 secerni
1147 3801 1205 3842 ne.

96 3872 290 3937 cessarium
320 3896 396 3940 esse
424 3878 598 3961 judicavi;
641 3880 738 3944 unde
767 3901 885 3944 omnes
918 3883 1052 3966 species
1079 3883 1129 3949 sic
1156 3881 1206 3944 di.

96 3970 220 4035 sribui.
278 4033 281 4038 .
