2756 4662
638 448 679 510 15

195 617 198 622 ’
272 617 363 688 Lina.
383 631 459 707 syst.
483 625 557 689 Not.
580 643 611 687 2.
632 625 708 708 567.
733 623 765 688 6.
809 621 892 710 ittig.
911 621 971 690 cot.
993 625 1064 687 Bor.
1076 645 1101 688 ι.
1113 627 1167 711 56.
1181 637 1215 700 8.

273 705 398 771 seton
420 707 533 790 Syros.
556 707 620 774 Ins.
644 732 670 774 ι.
694 731 725 789 p.
743 730 795 791 92.
818 729 867 788 23.
912 707 986 774 En.
1014 708 1100 794 Heft.
1120 733 1218 796 n41.

314 813 348 874 4„
370 801 398 854 et
421 812 454 859 a.
478 814 543 857 rar.
586 795 664 878 Gya
682 797 742 858 ists.
762 794 816 858 Su.
835 795 858 856 i.
879 813 933 876 ῃ,
953 815 986 877 4.

273 875 367 938 Febr.
386 876 473 956 Syst.
494 884 578 942 eleut.
597 900 624 943 ι.
642 880 695 954 86.
717 877 763 942 io.
804 878 887 942 Hist.
909 887 1041 942 unam.

273 959 353 1024 otto.
375 960 450 1028 Est.
470 983 496 1024 ι.
516 983 549 1045 p.
573 983 621 1028 ιο.
645 977 677 1038 8.
697 970 720 1027 a
740 985 766 1030 r.
783 967 814 1047 f.
829 985 863 1047 5.
884 983 915 1028 a.
928 962 975 1029 Ἠ.
996 961 1188 1046 serilonis.

252 1133 391 1214 Habitat
414 1137 449 1199 in
475 1156 612 1203 stercore
635 1139 748 1204 Svecio
774 1141 930 1204 australis
951 1139 1068 1211 rarior,
1081 1139 1115 1197 in
1132 1139 1211 1201 Ger.

307 1241 417 1301 munia
454 1259 525 1303 vero
549 1255 578 1303 et
600 1243 739 1324 Europa
764 1242 902 1304 australi
923 1241 1030 1319 magu
1046 1235 1213 1320 frequens.

257 1439 362 1520 Caput
399 1455 511 1506 atrum
550 1439 721 1519 nitidum,
747 1439 834 1507 stria
856 1438 1036 1504 ordinaria
1065 1436 1211 1502 frontali

251 1537 437 1622 impressa;
474 1540 685 1607 mandibulae
718 1541 784 1603 vix
809 1541 932 1623 capitis
963 1538 1212 1626 longitudine,

249 1640 449 1715 bidentataer
487 1646 588 1707 clava
622 1656 855 1707 antennarum
888 1641 958 1723 jam
991 1639 1109 1716 fusca,
1143 1640 1215 1724 jam

251 1740 351 1821 apice
390 1742 598 1808 rufescente.
664 1744 800 1808 Thorax
838 1739 1062 1827 longitudine
1099 1740 1214 1807 antire

253 1841 334 1922 pius
360 1863 461 1926 quam
494 1841 656 1918 dimidio,
697 1843 835 1928 postire¹
855 1844 943 1932 plus
959 1863 1062 1926 quam
1086 1841 1213 1923 dupio,

257 1941 377 2018 latior,
403 1965 605 2016 convexus.
636 1940 722 2008 stria
752 1943 931 2007 exteriore
954 1958 1035 2006 ante
1061 1941 1233 2010 medium·

252 2043 455 2124 abreviata,
494 2045 608 2108 rarius
647 2043 828 2126 punctulis
867 2043 966 2110 modo
1006 2043 1214 2127 quibusdam

252 2140 419 2224 indicata,
445 2145 624 2210 rarissime
651 2143 798 2220 omnino
825 2146 943 2208 nulia:
967 2141 1141 2212 interiore
1160 2147 1214 2213 in.

251 2258 360 2330 tegra,
401 2247 554 2310 anticum
584 2247 687 2308 etiam
716 2245 907 2331 marginem
932 2246 1114 2312 ambiente.
1167 2252 1214 2314 E.

251 2345 331 2424 lytra
358 2347 473 2412 antice
505 2346 695 2410 latitudine
728 2349 845 2410 baseos
877 2347 1045 2425 thoracis,
1081 2349 1122 2414 in
1147 2365 1214 2414 me·

251 2443 311 2508 dio
335 2447 401 2510 vix
427 2449 581 2525 dilatata,
608 2447 739 2530 postire
756 2447 892 2528 parcius
914 2463 1108 2535 angustata,
1135 2472 1212 2517 con.

254 2565 366 2624 vexa,
415 2551 500 2614 stria
538 2548 723 2635 marginali
760 2547 800 2611 in
842 2545 957 2612 medio
999 2551 1213 2632 abbreviata,

255 2647 351 2712 striis
381 2651 491 2716 tribus
529 2649 653 2734 primis
693 2648 889 2714 dorsalibus
928 2648 1093 2738 integris,
1133 2655 1214 2718 reli.

253 2748 332 2827 quis
362 2772 449 2815 vero
484 2767 540 2814 aut
564 2750 711 2814 omnino
737 2750 868 2827 nullis,
907 2766 965 2814 aut
991 2751 1216 2834 levioribus,

254 2849 377 2930 sapius
410 2852 590 2935 punctulis
623 2851 828 2934 quibusdam
849 2852 950 2914 modo
969 2851 1148 2930 indicatis,
1174 2855 1215 2921 in

253 2950 384 3028 medio,
425 2955 485 3016 vel
530 2965 609 3016 ante
645 2952 799 3015 medium
838 2951 1058 3016 abbreviatis.
1126 2953 1216 3021 Stria

254 3051 420 3116 suturalia
452 3051 596 3118 omnino
624 3053 737 3130 deest,
780 3069 910 3116 ernon
936 3051 1008 3118 nisi
1036 3053 1230 3120 rarissime·
1267 3119 1269 3130 ,

251 3151 375 3214 atriola
411 3154 532 3218 brevis
569 3153 666 3236 apice
703 3155 918 3218 observatur.
987 3155 1036 3222 Iu
1074 3155 1216 3244 singulo

249 3252 366 3335 elytro
391 3257 523 3316 macula
555 3276 678 3339 magna
706 3253 826 3319 lunata
854 3257 957 3318 rubra
982 3256 1132 3343 margini
1160 3259 1213 3320 ad·

250 3372 341 3416 nexa
382 3374 470 3434 saepe
501 3357 614 3417 totum
652 3354 840 3418 humerum
865 3371 1023 3438 occupat,
1062 3374 1096 3418 et
1119 3357 1215 3421 ultra

250 3452 404 3517 medium
430 3452 644 3519 extenditur.
694 3456 844 3521 Siernum
870 3457 912 3520 ad
937 3479 974 3522 os
1002 3476 1115 3538 usque
1138 3481 1215 3540 pro-

248 3553 400 3630 ductum,
429 3555 526 3637 apice
542 3556 775 3618 rotundatum.
813 3557 977 3620 Abdoman
991 3557 1213 3638 punctatissi.

247 3675 350 3716 mum.
373 3655 478 3719 Pedes
494 3654 589 3720 tibiIs
605 3653 908 3732 dilatatis‚‘antiris
921 3655 1085 3722 dentibus
1099 3658 1212 3722 tribus

250 3753 399 3832 validis,
427 3751 591 3844 integris,
617 3743 837 3826 intermediis
851 3771 885 3821 et
899 3752 1040 3840 posticis
1050 3757 1203 3844 spinosis

593 3927 672 3994 Vn.
697 3913 736 4004 β.

246 4055 390 4124 Macula
422 4062 624 4146 elytrorum
660 4051 780 4129 lu'nata
811 4068 914 4132 rubra
941 4067 984 4134 in
1007 4065 1124 4144 medio
1150 4061 1206 4128 in?
