2756 4662
255 1015 1050 1186 HISTEROIDES.

82 1299 239 1370 Familia
262 1301 328 1368 illa
359 1297 644 1380 Eleutetatotum
672 1315 971 1384 pentamerorum‚
1001 1313 1104 1382 quern
1129 1285 1198 1362 suls¹

81 1403 229 1468 nomine
271 1404 518 1468 Histeroidum
560 1400 776 1470 intellectam
814 1403 922 1480 volo',
964 1396 1195 1482 sequentibus

80 1501 343 1570 characteribus
370 1501 612 1594 distinguitur.

289 1703 483 1772 Ausonum
503 1699 638 1786 fracte,
662 1699 751 1769 tinto
771 1701 952 1779 subseliis,
979 1699 1125 1764 articulis
1139 1701 1200 1764 scu·

504 1808 576 1868 licet
603 1811 688 1870 αι’όῑι
706 1807 843 1888 iunctis.

290 1955 452 2023 liutans
481 1959 645 2020 assumtae
679 1957 836 2032 breviora,
874 1957 996 2038 poetice
1030 1947 1198 2027 truncata}

485 2058 531 2120 vel
551 2075 670 2138 potum
688 2059 879 2134 rotundato,
904 2056 1049 2138 margine
1073 2052 1199 2117 laterali

397 2177 400 2186 ·
488 2159 600 2222 tultus
624 2157 757 2242 inflexo.

291 2303 486 2372 Asuonnn
510 2307 671 2383 obtusum,
694 2305 790 2369 breve.

89 2503 385 2574 confundebatur
424 2501 487 2572 diu
520 2499 590 2571 ltaec
624 2501 767 2572 Insecla
801 2499 872 2590 jam
899 2522 978 2573 cum
1003 2502 1203 2584 Scarabaeisi

84 2608 158 2691 jam
181 2627 264 2674 cum
289 2607 534 2672 Dermestibus
561 2623 664 2690 atque
699 2605 923 2672 Coccinellis.
988 2607 1203 2673 Immortalis

91 2705 285 2786 Linnaeus,
330 2708 431 2792 cujus
451 2707 575 2772 merita
606 2728 677 2772 non
703 2723 850 2788 possunt
874 2725 946 2772 non
970 2725 1016 2773 ex
1045 2725 1205 2792 quacum·

93 2825 164 2888 que
204 2824 300 2889 parte
341 2807 380 2872 in
417 2807 580 2872 Historia
603 2804 769 2870 Naturali
797 2807 1102 2890 resplendescere,
1138 2805 1209 2891 pri·

92 2926 172 2970 mus
201 2905 269 2970 suit
293 2907 356 2992 qui
378 2907 455 2971 illis
480 2906 666 2990 proprium
691 2903 885 2995 assignavit
907 2926 1037 2993 genus,
1061 2903 1126 2974 sub
1151 2925 1209 2972 n‘o·
1286 2927 1293 2936 ’

94 3003 195 3068 mine
225 3007 363 3083 Histri,
399 3007 523 3090 petita,
559 3022 596 3072 ut
620 3007 846 3072 verosimile
874 3003 1036 3087 videtur,
1072 3008 1210 3074 deriva-

94 3104 195 3168 tione
219 3125 238 3168 e
264 3128 352 3172 voce
380 3105 509 3172 Latina
539 3107 672 3184 Hister,
716 3107 882 3190 quoniam
908 3109 1024 3192 elytra
1051 3110 1214 3192 plurium

94 3205 258 3288 ejusdem
295 3208 514 3290 specierum,
541 3207 698 3282 maculis,
724 3207 868 3271 diverso
892 3227 912 3270 a
939 3207 1072 3292 reliqui
1095 3225 1213 3291 corpo-

98 3304 149 3368 ris
176 3308 308 3378 colore,
333 3307 590 3395 insigniuntur.
643 3307 808 3390 Geoffroy
835 3301 1056 3390 postmodnm
1081 3311 1214 3393 hocge·

97 3425 166 3470 nus
200 3407 389 3472 Attalolum
429 3403 671 3489 nuncupavit,
707 3403 902 3471 Linnaeans
939 3423 1027 3472 vero
1054 3402 1216 3470 determi

97 3505 195 3570 natio
225 3508 374 3572 omnino
413 3508 607 3590 praevaluit.
636 3503 841 3570 ‘Linnaeus
872 3507 949 3589 ipse
967 3508 1086 3590 ,hujtn
1113 3525 1216 3594 gene·

13 3635 14 3696 3
98 3605 149 3669 ris
187 3627 260 3670 non
300 3607 371 3672 nisi
410 3627 472 3672 sex
504 3606 607 3675 notit
638 3605 790 3689 species,
827 3624 945 3690 postea
969 3607 1218 3674 verosensim

98 3707 379 3790 pluresdetectae
406 3722 499 3771 sunt.
549 3705 813 3772 Celeberrimos
835 3723 952 3770 tamen
964 3705 1161 3786 Fabricius,
1177 3707 1219 3772 in
1258 3709 1261 3717 '

97 3823 286 3893 systemate
302 3805 589 3898 Eleuteratorum
602 3822 681 3872 ante
705 3808 829 3870 decem
847 3827 956 3876 aneos
971 3807 1078 3884 edito,
1106 3799 1221 3874 xtrtr.

15 3919 18 3994 ξ
95 3922 237 3973 tantum
267 3905 410 4000 Species
432 3907 699 3984 determinavit,
727 3925 874 3992 quarum
892 3905 1132 3974 nihilominus
1157 3907 1222 3992 mig·
1324 3955 1327 3962 ⁴

456 4037 458 4040 ·
631 4005 670 4073 A
