2756 4662
646 481 662 549 i

86 657 128 724 lo
154 653 257 728 ‘Olus
279 673 388 742 totus,
415 679 449 732 et
475 669 604 734 λεπτος
626 663 761 744 tenuis.
791 667 966 750 derivata,
994 671 1035 738 ad
1056 672 1208 740 maxime

89 757 317 844 conspicuam
344 763 449 852 hujus
473 767 613 855 generis
630 784 762 845 notam,
790 767 959 836 videlicet
981 773 1207 854 tenuitatem,

88 857 372 944 exprimendam.
436 863 586 932 Videsis
626 863 723 932 inira
759 867 940 938 distinctos
979 897 1101 942 eorum
1133 877 1208 941 cha·
1258 891 1263 905 “

89 979 253 1026 tacteres.

465 1222 834 1333 HISTER.

142 1461 269 1530 Pnarr
294 1485 431 1550 quatuor
457 1473 645 1554 inequales,
674 1472 821 1538 articulis
847 1473 979 1538 internis
1005 1471 1172 1535 olconicis.

139 1611 300 1683 Laurum
329 1638 489 1700 corneum,
517 1623 824 1705 sutsmrrgtnatum.

141 1765 297 1834 Lacum
334 1771 596 1850 membranaceo,
635 1771 754 1851 bilche,
795 1771 874 1838 loii's
916 1775 1076 1852 arcuatis,
1115 1779 1203 1860 apin

310 1913 313 1920 .
335 1877 539 1937 acuminatis.

295 2069 440 2137 Larrvn
478 2055 669 2154 nicopolin,
706 2071 809 2156 capite
841 2079 1009 2156 primoque
1043 2087 1204 2158 tegmento

472 2176 580 2254 planis
613 2178 752 2249 corneis,
783 2169 905 2254 reliquo
937 2192 1068 2256 corpore
1095 2174 1201 2252 tereti,

471 2271 721 2334 membranaceo.

92 2475 213 2546 Histri
244 2469 409 2557 plerique
436 2468 475 2535 in
502 2481 670 2549 stercore,
705 2465 931 2556 quisquiliis,
964 2467 1206 2551 cadaveribus,

91 2599 125 2646 et
158 2573 284 2642 boletis
319 2570 602 2657 putrescentibus
627 2572 767 2659 degunt·
831 2569 1012 2636 Nonnulli
1037 2568 1142 2638 etiarn
1168 2574 1209 2638 in

91 2679 194 2768 ligno
218 2673 381 2757 antiquo,
415 2671 454 2737 in
482 2691 582 2734 succo
610 2692 716 2754 quem
737 2675 910 2738 exsudant
939 2675 1103 2738 arborum
1131 2674 1209 2736 vul.

92 2801 197 2854 nera,
235 2767 267 2837 et
306 2767 419 2837 rarius
446 2771 511 2836 sub
539 2767 617 2853 ipso
641 2772 769 2834 cortice
798 2795 892 2836 more
917 2767 1207 2856 Hololeptarum‚

90 2875 348 2944 inveniuntur.
411 2869 506 2935 Aliae
544 2871 678 2953 species
716 2873 792 2936 lere
828 2893 888 2956 per
912 2887 1015 2936 totam
1045 2888 1209 2948 aestatem,

91 2977 170 3046 aliae
211 2998 282 3039 non
325 2969 396 3038 nisi
437 2967 539 3036 brevi
568 2985 725 3053 ternpore
750 2989 950 3037 occurrunt·
1015 2971 1209 3036 Nonnullae

90 3077 160 3143 vix
202 3071 270 3140 uisi
298 3071 391 3137 intra
422 3087 585 3159 angustos
616 3069 748 3137 limites
779 3069 878 3156 quasi
906 3067 1081 3158 indigene
1109 3067 1210 3139 inve,

92 3180 265 3252 niumm,
296 3170 370 3236 alie
400 3173 464 3238 sub
503 3171 601 3235 coelo
628 3171 731 3258 longe
759 3169 911 3235 diverso.
964 3168 1029 3251 Sic,
1053 3169 1209 3256 exempli

91 3274 214 3368 gratia,
248 3268 344 3340 Hist.
376 3267 609 3336 Carbonarius
642 3272 682 3334 in
711 3269 819 3336 India
847 3263 1030 3350 orientali,
1067 3271 1211 3352 Europa

92 3373 206 3454 omni,
246 3391 280 3440 et
311 3369 441 3436 Africa
477 3369 610 3436 boreali
643 3369 755 3448 adest,
788 3372 993 3458 speciesque
1022 3375 1144 3456 plures
1176 3384 1211 3433 et

92 3479 276 3562 Europam
301 3491 335 3539 et
364 3469 566 3539 Arnericam
592 3471 757 3537 habitant.
823 3537 825 3542 ,

193 3675 320 3742 Laruae
359 3667 565 3740 Histrorum
593 3669 802 3760 hucusque
834 3667 1081 3760 Entomologis
1098 3669 1211 3758 ,plane

93 3775 219 3865 ignotae
240 3777 397 3840 fuerunt.
450 3771 569 3839 Larva
599 3771 694 3838 eninr
709 3770 828 3840 Histri
843 3771 1085 3858 inSysterr'raie
1102 3773 1209 3850 Eleu·

4 3877 6 3897 '
82 3867 285 3968 {matorum
312 3875 335 3940 'a
360 3873 523 3942 Fabricio
556 3871 676 3960 paucis
702 3891 906 3952 memorata,
932 3868 974 3936 ad
1002 3873 1213 3957 Hololeptas

91 3967 266 4066 pertinet,
303 3990 345 4042 ut
376 3976 420 4042 ln
443 3977 582 4044 Museo
610 3971 813 4044 amicissimi
839 3971 941 4042 Dum·
962 3973 1006 4040 de'
1032 3967 1212 4040 Sehestedr
