2758 4660
758 383 802 458 ιβ

357 597 485 647 versus
511 581 631 646 striam
655 581 875 646 levissimam
903 580 1121 644 humeralem
1149 565 1319 661 ascebdit,

355 683 478 768 ibique
517 682 915 767 interruptodislocata,
953 705 1030 744 nam
1069 681 1218 767 margini
1249 706 1318 764 pro.

353 783 433 866 pior
459 785 589 846 iterum
612 783 739 864 incipit
767 799 805 845 ut
832 781 872 845 in
900 783 948 844 Η.
977 780 1180 857 Unicolori‚
1221 799 1254 844 et
1276 784 1319 846 fe-

353 905 392 946 re
420 886 461 945 ad
490 883 590 946 basin
617 883 857 966 protenditur;
899 881 1032 946 fossula
1058 881 1197 945 laterali
1227 885 1319 958 laevi;

354 985 480 1050 Oculis
507 1001 605 1048 acute
631 984 771 1048 armatis
800 999 927 1066 puncta
953 981 1227 1060 confertissima,
1246 1007 1320 1066 prae·

356 1085 476 1148 sertim
511 1085 707 1148 introrsum
747 1100 878 1148 temere
918 1105 1035 1164 sparsa
1073 1083 1318 1158 observantur,

355 1187 415 1248 sed
459 1184 700 1250 minutissima
744 1200 778 1248 et
827 1182 976 1248 thoracis
1017 1185 1131 1246 adhuc
1180 1185 1322 1249 leviora.

353 1288 476 1348 Pectus
504 1300 538 1348 et
564 1286 730 1350 Abdomen
755 1302 934 1366 punctata,
974 1283 1108 1347 fossula
1130 1285 1170 1346 in
1200 1287 1320 1367 penul-

351 1385 436 1458 tirno
476 1400 654 1470 segmento
694 1384 889 1450 abdominis
934 1385 1107 1466 utrinque
1146 1384 1321 1466 impressas

350 1487 457 1556 Pedes
493 1488 638 1548 obscure
667 1485 774 1568 picei,
814 1487 911 1550 tibiis
943 1484 1112 1562 dilatatis,
1158 1483 1318 1549 interme-

351 1585 421 1648 diis
462 1599 494 1648 et
532 1585 675 1668 posticis
713 1586 929 1668 spinulosis,
968 1584 1092 1649 anticis
1133 1586 1318 1650 denticulis

351 1683 514 1768 quinque
543 1686 711 1764 minutis,
738 1687 846 1765 apicis
876 1688 996 1758 bifido,
1020 1701 1115 1748 certo
1140 1707 1230 1749 vero
1255 1687 1317 1750 situ

351 1785 524 1848 denticuli
556 1786 698 1868 quidam
729 1789 841 1851 adhuc
868 1789 978 1850 multo
1007 1781 1165 1850 minores
1189 1786 1246 1853 his
1271 1787 1318 1850 ia·

349 1885 503 1966 tea-jecti,
527 1885 642 1948 oculis
666 1887 805 1951 armatis
832 1891 1080 1956 observantur.

391 2030 476 2092 Oas.
501 2031 533 2092 ln
557 2035 646 2093 unico
669 2033 821 2094 individuo
843 2047 987 2110 punctura
1004 2029 1201 2110 majusculum
1222 2032 1252 2092 in
1264 2049 1320 2092 nte·

440 2115 491 2174 dio
524 2114 588 2176 fere
614 2118 688 2178 disci
725 2117 858 2177 thoracis
889 2116 1028 2192 utrinque
1051 2119 1232 2192 impressum
1256 2115 1319 2177 vidi.

435 2197 505 2256 Pars
529 2203 662 2260 anterior
688 2201 835 2262 dislocata
867 2191 951 2264 st'riae
983 2199 1155 2274 marginalis
1178 2204 1206 2258 in
1229 2198 1320 2276 lipara

437 2281 513 2342 baud
536 2303 704 2366 expressa,
726 2286 795 2366 quia
816 2283 944 2363 margini
966 2285 1054 2344 ainris
1074 2282 1251 2363 propinqua.

197 2467 284 2532 liv.
318 2472 427 2535 Hrsr.
461 2473 758 2540 Guinensis
793 2493 895 2561 ater,
922 2473 1044 2562 elytrr‘s
1075 2473 1181 2540 rtrr'r‘r
1206 2471 1318 2538 tribur

342 2568 540 2664 dorsalibus
574 2576 743 2660 intcgrt's,
767 2581 914 2655 arcuada
942 2576 1116 2662 tertioque
1140 2575 1312 2643 connexis,

347 2673 446 2736 tibiis
470 2676 600 2738 aratris
623 2675 836 2758 4-dentart's.
894 2669 977 2742 Tab.
1004 2667 1070 2744 ΙΙΙ.
1088 2669 1124 2762 s.
1149 2691 1188 2737 ιι.

345 2828 484 2888 Habitat
509 2828 543 2888 in
573 2828 712 2918 Gttiueat
767 2828 869 2890 Dom.
892 2826 935 2888 Α.
957 2826 1122 2912 Afaaliusg

344 3004 453 3087 Supra
480 3024 554 3076 ater
582 3007 716 3070 nitidus
744 3013 878 3088 subtus,
908 3009 1040 3091 piceus
1072 3011 1176 3096 Caput
1203 3007 1312 3070 fronte
1361 3055 1362 3062 ,

344 3107 585 3184 planiuscula,
617 3108 700 3170 stria
729 3109 909 3170 ordinaria
943 3111 1123 3190 impressa,
1188 3111 1314 3195 Thorax

343 3206 457 3267 autice
485 3209 675 3272 latitudine
703 3206 963 3294 longitudinis,
988 3209 1117 3292 postice
1139 3227 1227 3286 vero
1243 3229 1314 3290 pau·

344 3305 379 3364 lo
417 3309 626 3392 plusquam
666 3308 815 3373 dimidio
845 3312 1002 3396 longior,
1030 3329 1236 3385 convexus,
1259 3307 1311 3371 im·

343 3424 550 3488 punctatus,
598 3408 695 3471 striis
722 3411 995 3492 approximatis,
1035 3407 1209 3472 interiore
1236 3409 1314 3470 inte·

341 3510 614 3591 gra‚exteriore
643 3529 733 3591 pone
761 3513 916 3575 inedium
943 3509 1153 3587 abbreviata.
1203 3513 1312 3592 Elytrc

343 3610 483 3672 thorace
515 3613 606 3674 haud
640 3609 789 3674 ‹lirnidio
817 3611 995 3701 longiora,
1037 3607 1224 3694 anticeque
1249 3604 1313 3672 Iati-

341 3709 470 3771 tudine
501 3715 577 3796 ejus
605 3715 740 3786 baseos,
771 3709 903 3793 postiae
930 3713 994 3774 vix
1023 3711 1242 3795 angustiora,
1281 3706 1312 3767 ln

343 3809 459 3872 taedio
492 3833 579 3876 reto
612 3812 716 3896 tnagis
748 3815 910 3887 dilatata,
957 3813 1039 3877 stria
1068 3811 1254 3895 marginali
1281 3807 1312 3869 iu

344 3911 461 3972 medio
490 3912 706 3987 abbreviata,
736 3912 847 3993 priua
873 3916 1100 3995 secundaque
1126 3911 1312 3974 dorsalibus

343 4009 512 4102 integris,
547 4015 650 4081 tarda
674 4035 760 4078 vero
785 4014 825 4075 ad
851 4014 949 4077 basin
976 4014 1190 4098 incipiente,
1220 4011 1312 4095 paulo
