2756 4662
749 399 796 488 '46

378 596 506 686 Captus
533 599 573 666 in
599 589 807 682 Smolandi'a‚
830 603 925 669 u'nde
943 591 1082 686 'aDom
1102 605 1224 694 Ljung
1247 604 1322 671 mihi
1360 677 1361 694 χ

374 701 549 768 benevole
577 702 857 769 communicatus.
908 707 1043 772 Habitu
1063 721 1096 771 et
1111 723 1241 772 statura
1255 707 1322 772 reli.
1360 709 1361 714 ’

365 801 454 892 ¹quis
505 803 610 888 hujus
664 804 794 886 speciei
850 805 1075 884 simillimus,
1130 809 1192 870 sed
1245 806 1323 872 stria

375 903 528 966 dorsales
558 906 754 988 elytrorum
790 904 885 969 inter
915 929 1016 997 rugas
1048 922 1081 970 et
1105 923 1235 990 puncta
1259 929 1324 970 con·

373 999 518 1068 fertiora
542 1003 616 1068 iere
643 1021 868 1070 evanescunt.

415 1142 498 1210 Oea.
529 1147 709 1212 Mutabilitas
739 1149 934 1228 longitudinis
965 1151 1046 1213 striae
1078 1152 1218 1212 suturalis
1252 1149 1327 1232 liujus

454 1231 569 1328 ⁰speciei
604 1233 719 1310 optime
740 1231 816 1294 hanc
839 1234 1075 1296 subdivisionem
1100 1255 1166 1295 cunr
1193 1245 1326 1316 sequente

450 1325 562 1390 Jungrt.

231 1500 375 1567 XLIV.
402 1500 509 1568 Hror.
535 1503 601 1568 Al
617 1505 727 1590 geri
743 1527 826 1570 our
858 1475 1087 1572 antennarum
1108 1507 1206 1574 clauo
1214 1499 1326 1594 serra·

336 1687 340 1700 1
371 1607 498 1692 gineo,
539 1602 677 1670 thorace
713 1607 863 1696 integro,
901 1604 1023 1693 elyrrls
1058 1608 1172 1674 antire
1195 1605 1326 1673 serioris

377 1705 613 1889 ι’ἷῐηρῖηοιαηε,
647 1701 745 1770 rtbiir
777 1706 906 1774 anticio
928 1703 1192 1773 subtrenulan‘s.
1252 1697 1324 1770 Tol.

415 1846 423 1864 .
469 1849 477 1865 .
509 1818 566 1868 ιν.

377 1939 515 2000 Habitat
540 1933 687 2018 Algerr'a.

377 2133 489 2220 Niger
527 2135 672 2201 nitidus.
726 2113 838 2220 Caput
857 2132 1084 2202 subtilissime
1120 2151 1319 2222 punctatum,
1360 2083 1361 2120 l

377 2236 493 2300 fronte
524 2256 697 2314 convexa,
737 2252 970 2302 antennarum
1005 2239 1104 2301 clava
1127 2237 1320 2324 ferruginea·

382 2339 515 2400 Thorax
544 2337 674 2420 postiae
705 2337 930 2424 longitudine
957 2337 1064 2420 duplo
1077 2337 1200 2415 latior,
1226 2335 1322 2402 antire

336 2477 344 2499 .
378 2428 482 2500 'valde
528 2453 754 2524 angustatus,
795 2433 950 2502 foveolis
992 2437 1102 2502 nullis
1141 2433 1324 2519 impressist

382 2557 576 2615 convexus,
604 2536 718 2602 antico
746 2553 779 2600 et
807 2539 849 2606 ad
877 2540 986 2600 latera
1010 2538 1093 2615 late,
1116 2538 1155 2602 in
1176 2532 1327 2622 marginis

382 2634 506 2720 postici
547 2659 633 2702 vero
664 2637 787 2702 mediol
808 2636 981 2713 tenuiter,
1006 2638 1243 2718 punctulatus.
1289 2635 1326 2695 Ε-

383 2741 462 2819 lytra
499 2738 637 2801 thorace
670 2736 819 2802 dimidio
845 2736 1020 2822 longiora,
1056 2739 1239 2820 amiceque
1265 2731 1327 2796 lati·

384 2835 508 2900 tudine
529 2839 605 2922 ejus
624 2841 759 2915 baseos,
789 2836 905 2901 medio
929 2837 1084 2915 dilatata,
1124 2835 1254 2921 poetice
1278 2833 1327 2894 ite·

383 2960 462 3000 rum
495 2953 685 3023 angustata3
716 2959 889 3016 convexa,
924 2939 1045 3000 striola
1072 2935 1257 3024 marginali
1282 2953 1327 2995 an-

382 3037 450 3100 tire
477 3060 554 3100 cum
580 3037 702 3102 atriola
728 3037 901 3102 humerali
929 3045 1092 3113 coeunte,
1119 3035 1327 3118 postioever·

383 3158 441 3200 sus
469 3137 599 3218 apicem
623 3135 843 3214 abbreviata;¹
860 3137 956 3202 striis
983 3126 1129 3219 quatuor
1145 3135 1328 3200 dorsalibus

383 3237 424 3300 in
450 3238 564 3300 medio
589 3237 815 3316 abbreviatis,
839 3255 873 3304 et
898 3237 981 3302 stria
1007 3235 1156 3300 suturali
1179 3221 1329 3317 ab'apice

384 3338 479 3400 ultra
505 3338 658 3402 medium
684 3359 760 3406 sese
772 3341 994 3404 extendente·
1046 3336 1245 3402 Interstitia
1263 3329 1330 3399 stri·

385 3460 483 3501 arum
509 3439 739 3520 impunctata,
776 3439 872 3527 rugis
897 3439 997 3503 modo
1022 3429 1229 3519 quibusdam
1249 3437 1328 3499 inter

386 3537 505 3603 siriam
535 3538 681 3622 primam
709 3554 743 3602 et
767 3541 954 3604 secundam
981 3538 1167 3612 dorsalem‚
1194 3551 1328 3618 pnrsve·

388 3661 427 3702 ro
455 3639 587 3720 postica
610 3641 806 3724 elytrorum
822 3642 942 3704 crebre
958 3639 1169 3719 punctulata·
1221 3639 1325 3700 Peon

387 3757 421 3802 et
442 3739 606 3803 Addomen
629 3733 885 3805 confertissime
910 3740 1120 3821 punctulata.
1170 3739 1272 3818 Pedes
1291 3729 1327 3814 pi·
1360 3731 1361 3764 ³

388 3838 456 3914 oei,
479 3838 581 3905 tibiis
601 3840 773 3920 dilatatis,
802 3839 943 3924 posticis
968 3852 1002 3900 et
1027 3837 1249 3903 intermediis
1275 3829 1327 3914 spi·

308 3935 311 3942 ’
390 3939 543 4017 unionis,
571 3940 697 4006 antiois
724 3939 881 4011 orsnulis'
905 3938 1169 4018 minutissimis,
1205 3938 1267 4002 vix
1288 3929 1327 3995 ni·

390 4037 420 4103 si
445 4054 539 4106 cert-o
561 4041 630 4105 situ
652 4039 889 4107 observandis.
