2756 4662
188 603 326 696 -duplo
346 606 467 687 latior,
507 625 711 682 convexus,
738 603 835 672 striis
862 598 996 670 duabus
1020 603 1180 672 laterali}

210 715 278 777 bus
312 709 476 796 integris,
514 707 701 787 subrectis,
743 708 876 792 postiae
911 723 1027 774 tamen
1057 729 1181 790 parum

213 797 677 896 approximatis,exteriore
702 808 900 898 amargine
927 809 1008 875 satis
1034 822 1184 882 remotas

211 913 319 976 oculo
358 928 485 977 armato
523 910 673 994 ubique,
712 927 751 974 ut
792 910 833 974 in
875 908 924 971 Η.
950 907 1183 994 Punctigero,

212 1011 514 1098 punctatissimus.
570 1009 620 1074 In
645 1009 753 1076 unico
781 1007 976 1075 individuo
1003 1012 1099 1094 quod
1129 1008 1183 1072 vi.

213 1114 271 1191 di,
311 1111 395 1176 cilia
427 1115 582 1197 quaedam
604 1109 811 1198 marginalia
835 1109 926 1174 mihi
950 1111 1045 1174 haud
1068 1115 1183 1174 obser·

213 1233 303 1279 vare
330 1213 443 1291 licuit.
492 1215 608 1294 Elytro
627 1212 766 1276 thorace
793 1211 860 1276 vix
880 1211 990 1294 duplo
1007 1209 1182 1298 longiora,

212 1329 248 1378 et
276 1311 392 1378 amice
417 1311 606 1386 latitudine
633 1312 708 1395 ejus
736 1314 871 1390 baseos,
896 1309 940 1376 in
964 1311 1082 1376 medio
1101 1330 1183 1393 pau·

211 1414 249 1477 lo
269 1413 426 1492 dilatata,
451 1413 583 1497 postiae
617 1413 749 1476 iterum
772 1427 965 1500 angustata;
1000 1431 1182 1488 convexa,

212 1512 301 1578 stria
332 1514 531 1590 terminali,
570 1512 726 1587 laterali,
770 1511 979 1600 marginali,
1019 1511 1184 1596 quinque

214 1613 417 1678 dorsalibus
443 1612 665 1696 suturalique
691 1612 817 1696 aequali
844 1613 955 1696 spatio
980 1636 1000 1677 a
1028 1633 1064 1676 se
1086 1610 1183 1675 invi.

214 1736 294 1778 cem
318 1714 479 1792 remotis,
523 1711 689 1799 integris,
721 1712 806 1776 stria
830 1729 944 1777 tamen
971 1711 1121 1777 suturali
1148 1725 1184 1777 et

215 1830 342 1898 quarta
357 1813 551 1898 quintaque
576 1811 704 1877 dorsali
732 1812 885 1896 reliquis
910 1815 1017 1896 paulo
1043 1811 1182 1876 brevio·

212 1915 325 1980 ribus.
388 1917 503 1984 Oculo
526 1929 627 1977 acute
653 1929 782 1977 armato
808 1912 848 1977 in
874 1912 1078 1980 interstitiis
1105 1911 1183 1978 stri·

212 2037 316 2079 arum
344 2031 473 2096 puncta
496 2013 643 2078 omnino
670 2011 909 2077 minutissima
932 2030 1065 2080 temere
1091 2035 1183 2095 spar-

216 2137 255 2180 sa
284 2117 528 2180 observantur.
578 2115 701 2178 Pectus
731 2129 765 2177 et
792 2114 957 2178 Abdomen
987 2111 1183 2202 nigro-pi·

217 2236 280 2278 oea
321 2215 413 2279 haud
447 2215 624 2298 profunde
660 2215 884 2295 punctulata,
919 2231 1038 2280 sterno
1074 2214 1117 2278 ad
1143 2235 1181 2277 os

219 2335 336 2398 usque
374 2315 558 2398 producto,
597 2311 695 2394 apice
737 2317 929 2379 rotundato.
990 2318 1096 2380 Pedes
1127 2318 1183 2376 ob·

218 2435 323 2481 scure
350 2414 458 2498 picei,
491 2413 588 2478 tibiis
613 2411 836 2478 intermediis
862 2429 897 2480 et
922 2414 1065 2500 posticis
1098 2414 1184 2478 dila·

219 2517 299 2584 tatis
326 2513 539 2598 spinulosis,
565 2511 691 2578 antitis
715 2514 827 2577 adhuc
852 2515 1054 2594 latioribus,
1070 2513 1182 2579 denti-

215 2619 280 2682 bus
313 2615 426 2679 tribus
456 2614 622 2701 integris,
648 2611 771 2678 infimo
807 2615 954 2684 minore.
1004 2614 1182 2704 Magnitu-

221 2718 265 2780 do
292 2715 387 2780 Hist.
412 2714 630 2780 Unicoloris.

82 2909 130 2994 Y·
162 2918 270 2985 Hrsr.
309 2917 361 2984 Se
376 2941 397 2982 n
413 2939 432 2984 e
449 2918 527 3008 gal
544 2935 563 2982 e
579 2939 601 2981 n
617 2938 631 2982 s
645 2917 687 2982 is
727 2932 824 3000 ater,
854 2912 993 2986 thorace
1006 2916 1111 2983 striis
1131 2915 1182 2979 in·

221 3021 348 3108 aegris,
371 3017 562 3108 marginali
583 3016 772 3110 elytrorum
795 3013 1185 3112 interrupto-distorsio,

218 3120 321 3187 tibiis
344 3117 469 3188 antitis
492 3115 693 3208 bidentatir.
749 3111 835 3185 Tab.
860 3107 979 3210 ms.
1003 3132 1044 3187 v.

221 3320 360 3382 Habitat
383 3325 417 3384 in
447 3319 583 3384 Guiuea.
635 3321 726 3384 Mus·
749 3322 795 3384 D.
816 3324 853 3386 de
875 3319 1057 3385 Sabestedt..

222 3515 331 3601 Caput
354 3516 566 3588 mandibulis
580 3519 788 3602 equalibus,
815 3518 932 3584 fronte
948 3511 1182 3601 planiuscula,

222 3619 300 3680 loco
339 3619 429 3682 striae
464 3599 648 3684 ordinariae
685 3620 919 3702 impressione
959 3637 1082 3700 parum
1107 3634 1183 3695 pro·

220 3717 330 3782 sunda
366 3717 531 3802 praedita,
573 3721 674 3805 cujus
710 3739 827 3808 margo
860 3717 1013 3785 inferior
1047 3712 1185 3795 occiput
1291 3709 1293 3716 ’

224 3835 350 3886 tersus
389 3817 430 3883 in
464 3821 579 3890 medio
605 3842 728 3904 parum
756 3820 912 3886 ascendit
946 3834 987 3884 ut
1015 3815 1186 3901 angulum

220 3915 366 3996 forman
391 3935 625 3992 antennarum
648 3923 750 3988 clava
773 3920 880 3989 tusca.
935 3923 1071 3986 Τήοναω
1094 3912 1186 3997 anti.¹

217 4035 258 4112 ρ
289 4019 479 4115 latitudine
517 4023 583 4114 tiu¹
620 4019 880 4119 longitudinis,
919 4019 1051 4110 postica
1090 4032 1183 4090 w·
