2756 4662
635 413 662 426 1.,

589 528 593 544 l

79 606 363 698 membranacea,
395 615 530 697 biloba,
558 615 648 682 lobis
675 609 896 694 divaricatis,
922 615 1088 695 arcuatis,
1124 641 1201 688 acu.

78 718 243 796 minatis,
272 718 369 784 intus
396 718 544 798 ciliatis‚
571 720 686 802 palpis
713 721 826 784 multo
849 717 1086 784 brevioribus·
1123 722 1201 810 Fig.

80 819 108 881 f.
167 823 310 886 Lobium
340 841 525 896 corneum,
556 821 654 904 apice
689 819 1017 907 subemarginatum.
1059 818 1136 906 Fig.
1168 824 1200 886 d.

79 923 233 986 Labrnm
256 942 436 1000 corneum,
453 943 575 1006 parum
589 922 853 1008 emarginatum.
877 921 953 1006 Fig.
976 945 1006 1008 g.
1056 921 1198 986 Instru.

79 1037 199 1084 menta
237 1021 308 1084 haec
345 1022 474 1086 cibaria
514 1043 577 1103 pro
604 1021 721 1104 specie
748 1021 891 1086 diversa
921 1021 961 1084 in
987 1020 1198 1104 quibusdam

81 1121 165 1200 plus
190 1120 359 1186 minusve
386 1122 539 1185 variant:
565 1121 615 1186 sic
642 1122 846 1186 mandibula
868 1120 907 1184 in
929 1121 1197 1210 Hist.1naequa-

84 1218 114 1279 li
149 1221 255 1308 magis
296 1225 450 1300 dentata,
490 1221 530 1285 in
558 1221 653 1286 Hist.
678 1220 846 1285 Nitidulo
878 1221 1026 1285 omnino
1052 1224 1197 1298 mutiens

85 1317 133 1382 sic
156 1322 361 1386 mandibula
387 1322 530 1387 sinistra
553 1321 735 1386 interdurn
761 1324 883 1385 dextra
902 1321 1058 1409 longior,
1084 1324 1194 1390 inter·

80 1419 166 1484 dum
193 1425 351 1505 aequalis,
377 1422 582 1506 labiumque
606 1422 645 1486 in
675 1421 909 1505 Hist.Majori
936 1424 1042 1504 paulo
1062 1422 1195 1503 minus,

78 1533 111 1582 at
138 1521 179 1586 in
204 1522 488 1587 Hist.·Nitidu10
511 1523 615 1603 paulo
643 1521 769 1606 magis,
794 1545 897 1606 quam
924 1521 964 1584 in
988 1521 1084 1586 Hist.
1103 1524 1194 1588 Uni-

79 1623 199 1686 colore
234 1623 553 1710 subemarginatum
586 1620 793 1696 invenitu13
834 1641 972 1705 semper
1003 1643 1091 1686 vero
1112 1623 1193 1688 arti-

79 1723 153 1784 culi
186 1723 321 1788 interni
349 1724 535 1806 palpo'rum
567 1721 740 1799 obconici,
771 1737 804 1786 et
834 1718 967 1785 labium
998 1745 1191 1807 nunquam,

80 1837 116 1885 ut
143 1822 193 1888 in·
215 1821 420 1906 Hololeptis
445 1821 612 1898 bifidum,
639 1823 699 1886 vel
729 1823 797 1886 late
824 1823 1073 1906 profundeque
1086 1845 1194 1890 emar·

80 1922 248 2006 ginatum.
302 1925 377 1988 Jam
407 1923 448 1984 ad
477 1920 750 2006 descriptionem
777 1923 911 2008 reliqui
938 1922 1096 2006 corporis
1123 1924 1191 1989 Hi.

85 2037 234 2088 strorum
272 2022 547 2110 progrediamur.
610 2025 765 2088 Antennu
794 2022 1189 2088 undecim-articulatae:

1 2205 2 2212 ἵ
84 2121 193 2202 primo
227 2123 376 2186 articulo
414 2138 567 2200 arcuato,
604 2121 785 2200 obsonico,
825 2137 860 2187 et
898 2121 1023 2206 saepius
1051 2131 1191 2208 'septem

80 2222 304 2306 sequentium
340 2223 415 2288 fere
445 2221 687 2307 longitudine,
731 2222 769 2285 hi
796 2223 996 2300 tenuiores,
1035 2227 1190 2292 secundo

79 2323 184 2386 etiam
210 2323 374 2387 obconico
402 2320 552 2404 reliquis
582 2324 687 2404 paulo
712 2322 890 2408 longiore,
920 2323 1070 2388 articulo
1101 2347 1188 2391 vero

79 2445 190 2501 nono,
227 2423 361 2489 decimo
392 2439 426 2487 et
463 2421 649 2485 undecimo
674 2420 879 2502 incrassato,
916 2425 1020 2487 valde
1044 2440 1188 2490 coarcta·

75 2522 138 2599 tis,
175 2539 214 2587 ut
254 2526 354 2588 clava
392 2522 537 2588 omnino
562 2521 675 2587 solida
700 2538 869 2606 appareat.
921 2525 1003 2588 Tab.
1030 2546 1059 2589 1.
1085 2527 1188 2612 fig.h.

77 2623 172 2686 Oculi
199 2624 299 2706 parvi
334 2625 506 2690 laterales.
555 2625 664 2687 Frons
686 2624 756 2706 jam
773 2626 892 2706 plana,
916 2626 985 2707 jam
1000 2623 1185 2708 impressa,

71 2724 145 2804 jam
171 2743 346 2802 convexa,
380 2745 468 2808 sape
500 2726 584 2788 stria
614 2723 886 2803 semicirculari,
917 2745 1023 2808 quam
1061 2729 1189 2809 ordina-j

73 2829 161 2884 riam
187 2825 457 2905 appellavimus,
483 2827 597 2890 antice
620 2839 654 2888 et
678 2825 720 2886 ad
746 2825 854 2888 latera
879 2825 1059 2906 impressa·
1101 2828 1185 2890 Tho-

72 2945 140 2985 roa·
174 2913 303 3006 'saepius
341 2925 471 3011 antice-
494 2926 598 2989 valde
636 2939 852 3009 angustatus,
892 2925 1024 3007 postire
1055 2924 1185 3008 elytris

73 3044 167 3086 arcte
205 3047 382 3103 annexus,
422 3035 632 3110 eorumque*
652 3023 851 3103 latitudine,
891 3022 1068 3088 rarissime
1095 3046 1184 3089 vero

72 3123 223 3188 illorum
246 3125 471 3211 longitudine
497 3129 557 3191 vel
580 3123 738 3212 longior:
777 3147 881 3209 supra
907 3125 987 3205 plus
1014 3125 1185 3190 minusve

74 3244 278 3303 convexus,
311 3228 381 3309 jam
412 3229 581 3304 sulcatus,
607 3227 676 3308 jam
699 3225 852 3316 striatus,
888 3225 957 3308 jam
979 3225 1078 3292 striis
1102 3227 1180 3291 nul.

71 3323 138 3394 lis;
174 3325 354 3390 interdum
389 3325 641 3410 impunctatus,
680 3325 860 3390 interdum
900 3325 981 3410 plus
1008 3326 1178 3390 minusve

72 3428 320 3505 punctulatus,
360 3442 514 3513 tuncque
544 3427 638 3491 disco
665 3425 788 3509 saepius
808 3425 968 3503 laeviore,
993 3425 1177 3490 nitidiore:

74 3529 197 3590 subtus
235 3529 311 3592 lere
349 3526 388 3590 in
416 3527 580 3594 omnibus
607 3543 725 3592 sterno
752 3528 856 3592 valde
879 3528 1032 3604 elevato,
1071 3527 1113 3589 ad
1137 3549 1177 3594 os

3 3627 5 3646 ⁸
73 3647 188 3710 usque
225 3642 412 3711 protracto,
464 3628 578 3695 antice
616 3629 816 3708 rotundato,
867 3626 1044 3692 rarissime
1086 3647 1176 3692 vero

4 3725 5 3808 J
74 3727 186 3791 autice
247 3729 442 3794 acuminato
491 3733 552 3792 vel
601 3729 832 3818 emarginato,
886 3729 979 3814 quod
1026 3725 1067 3792 in
1120 3717 1215 3792 de·'v
1263 3747 1266 3754 ⁴

4 3873 5 3880 κ
76 3827 324 3911 scriptionibus
377 3831 501 3896 sedulo
547 3829 677 3894 notavi.
757 3833 934 3896 Scutrllam
986 3828 1177 3908 minutum,

72 3930 308 4018 triangulare,
354 3931 532 3996 interdum
575 3929 871 4008 minutissimum,
917 3929 1177 4014 punctisorme,

76 4035 137 4094 sub
175 4033 300 4120 ely'tris
337 4034 588 4126 'absconditum
650 4035 764 4116 Elytra
796 4029 953 4124 duriora,
992 4030 1177 4100 abdomine

1104 4165 1125 4194 f
