2756 4662
725 372 744 435 6

175 565 357 645 breuiora,
418 569 499 654 plus
552 566 719 632 minusve
789 588 963 644 convexa,
1030 567 1128 652 apice
1186 573 1286 648 trun-J

174 663 262 742 cata',
304 668 365 730 vel
410 690 534 754 parum
571 669 769 746 rotundata,
809 669 965 754 margine
1005 667 1142 734 laterali
1188 671 1285 733 deor.

174 791 252 834 sum
291 767 437 833 inflexo.
508 767 736 834 Paucissimis
778 769 961 852 speciebus
998 771 1171 854 exceptis,
1204 770 1287 836 reli.

175 865 324 952 quarum
360 869 517 934 omnium
553 873 667 956 elytra
712 870 809 935 striis
833 871 998 954 pluribus
1026 873 1086 934 vel
1115 871 1287 955 pauciori-

174 975 239 1036 bus
272 973 435 1038 adornata
471 986 568 1044 sunt;
606 995 788 1054 nunquam
819 986 935 1038 tamen
971 971 1153 1054 pluribus,
1183 997 1287 1056 quam

178 1069 274 1137 striis
303 1093 432 1138 noveru
458 1071 644 1149 instructa,
678 1097 825 1156 quarum
849 1073 937 1139 binae
964 1088 1116 1136 externae
1137 1072 1182 1150 ¹in
1211 1075 1288 1155 ipsa

176 1163 273 1256 parte
310 1175 506 1258 elytrorum
544 1173 720 1238 abdomini
753 1174 901 1262 inflexa,
933 1187 972 1240 ut
1002 1197 1072 1238 non
1099 1173 1169 1238 nisi
1197 1173 1289 1241 inse-

175 1287 229 1337 cto
258 1272 461 1357 resupinato
488 1273 760 1354 conspiciantur.
829 1275 969 1337 Harum
997 1274 1115 1338 striam
1138 1271 1288 1365 margini

176 1371 345 1440 inferiori
373 1373 584 1458 propiorem,
610 1378 820 1448 terminalem,
837 1390 870 1434 et
885 1375 918 1437 ei
934 1374 1158 1455 adjacentem,
1173 1379 1289 1442 intera.

177 1477 237 1536 iem
269 1473 406 1539 vocavi.
457 1476 506 1536 In
525 1474 710 1558 plerisque
725 1473 905 1557 speciebus
920 1477 970 1538 hae
985 1475 1120 1538 adsunt.
1171 1476 1289 1557 Prope

178 1573 298 1640 striarn
337 1575 531 1651 lateralem,
571 1590 602 1636 at
644 1574 682 1636 in
713 1575 840 1661 pagina
870 1569 1048 1656 superiori
1073 1575 1289 1660 dymni-um,

178 1674 262 1742 stria
290 1698 307 1738 a
334 1694 399 1746 me,
427 1679 617 1759 marginalis
643 1676 743 1752 dicta,
768 1691 926 1756 apparet,
953 1675 1018 1750 illa
1031 1697 1118 1740 vero
1133 1674 1172 1740 in
1203 1677 1290 1739 mul·
1377 1668 1378 1727 ἶ

178 1775 223 1840 tis
249 1774 429 1858 speciebus
453 1773 599 1840 omnino
622 1776 730 1839 deest.
785 1777 889 1838 Tunc
916 1776 1006 1840 stri'ae
1028 1776 1290 1860 quinqueame
1376 1845 1377 1860 ,

178 1865 306 1961 prima,
345 1879 499 1949 secunda,
540 1880 650 1953 tertia,
691 1893 806 1958 quarto
841 1893 869 1938 ct
897 1882 1005 1958 quinta
1033 1883 1118 1941 stric
1145 1879 1288 1940 dormies
1373 1930 1376 1969 Ι

181 1976 296 2052 dictae,
323 1975 447 2058 aequali
477 1976 551 2038 fere
577 1975 688 2057 spatio
715 1997 734 2036 a
760 1996 794 2037 se
819 1974 979 2040 invicem
1006 1991 1156 2052 remotae,
1189 1976 1291 2039 inve·
1373 1992 1376 2007 ¹

179 2077 349 2151 niumm,
382 2069 415 2140 et
436 2078 537 2161 juxta
565 2073 683 2141 striam
709 2075 866 2158 quintam
886 2077 1073 2154 dorsalem,
1102 2100 1194 2140 nona
1208 2077 1292 2140 stria

180 2167 389 2263 elytrprum,
405 2201 423 2239 a
439 2199 503 2251 me,
520 2176 573 2239 uti
591 2193 717 2258 suturae
733 2176 903 2258 proxima,
932 2179 1088 2242 suturalis
1105 2175 1293 2242 nominata.

180 2280 361 2347 Numerus
389 2276 514 2340 harum
530 2277 695 2341 striarum
720 2267 782 2360 pro
798 2278 979 2360 speciebus
995 2276 1148 2341 diversis
1165 2277 1294 2350 variat;

183 2379 244 2474 sed
275 2383 414 2467 quando
447 2379 531 2442 stria
554 2401 625 2440 una
653 2380 810 2442 alterave
838 2381 933 2443 deest
960 2381 1056 2440 locus
1086 2393 1199 2440 tamen
1214 2379 1292 2460 ejus

183 2495 298 2560 vacat,
323 2496 362 2546 ut
387 2493 520 2548 constet
546 2479 603 2541 ubi
625 2499 701 2540 esse
723 2481 874 2540 deberet.
925 2479 1017 2560 Saepe
1051 2477 1140 2540 striac
1165 2480 1294 2565 elytro.

184 2600 263 2644 rum
298 2581 369 2662 jam
405 2580 530 2652 amice,
555 2580 624 2661 jam
658 2579 788 2658 postice
817 2578 1038 2653 abbreviatae,
1065 2594 1097 2639 et
1124 2579 1206 2642 licet
1233 2579 1295 2644 ali.
1376 2655 1377 2678 χ

185 2682 326 2762 quando
353 2680 392 2744 in
422 2682 539 2742 eadem
570 2678 684 2772 specie
709 2678 847 2741 variare
875 2678 1026 2759 possint,
1064 2693 1101 2742 ut
1125 2676 1295 2744 indicatu-

186 2800 248 2844 rus
298 2803 392 2856 sum,
431 2795 545 2844 tamen
587 2798 754 2844 numerus
798 2793 831 2841 et
862 2777 1046 2865 longitudo
1085 2781 1296 2858 earundem,

185 2880 329 2944 criteria
366 2884 454 2944 bona
480 2883 648 2964 prebent,
685 2867 729 2942 et'
747 2878 894 2944 familiis
918 2895 951 2947 et
973 2878 1154 2960 speciebus
1185 2881 1297 2942 deter-

185 2980 379 3058 minandIs,
415 2979 495 3044 aliis
524 2979 615 3044 notis
647 2978 935 3048 characteristicis
962 2980 1065 3044 simul
1095 2981 1217 3042 sedulo
1241 2983 1299 3040 ob.

188 3081 347 3158 servatis,
411 3081 474 3149 Ad
505 3079 602 3146 basin
644 3083 861 3166 elytrorum,
904 3084 944 3144 ab
971 3078 1076 3147 initio
1109 3079 1198 3143 striae
1226 3078 1299 3162 pri.

183 3201 244 3246 mae
288 3182 455 3257 dorsalis,
492 3181 684 3268 marginem
715 3201 858 3254 versus,
897 3181 1021 3264 saepius
1060 3181 1171 3242 adhuc
1213 3180 1301 3246 stria

179 3267 324 3372 brevis,
367 3281 522 3368 obliqua,
566 3281 743 3346 interdum
770 3281 936 3359 obsoleta,
977 3302 1078 3364 quem
1102 3282 1300 3344 humeralem

190 3381 332 3456 vocavi,
363 3384 477 3457 adest,
514 3399 547 3446 et
579 3405 653 3464 quae
680 3382 870 3464 aliquando
897 3404 974 3444 cum
1001 3379 1085 3443 stria
1111 3379 1300 3464 marginali
1375 3413 1376 3428 t

188 3483 360 3547 coalescit.
408 3483 478 3544 Alc
503 3483 643 3564 amplas,
677 3485 742 3545 sub
769 3481 896 3568 elytris
928 3482 1070 3563 plicatae.
1132 3479 1301 3543 Abdomcn

188 3583 269 3662 plus
285 3583 462 3657 minusve,
479 3596 510 3645 at
526 3606 595 3648 non
611 3584 731 3658 multo,
746 3585 861 3668 elytra
876 3569 1068 3658 excedens,
1083 3579 1251 3644 lateribus
1265 3600 1302 3646 et

115 3677 128 3750 ,¹
189 3673 286 3762 apice
305 3683 528 3764 punctulatis.
559 3685 664 3748 Pedes
685 3684 809 3765 saepius
829 3686 967 3757 breves,
996 3680 1120 3746 anticis
1138 3680 1302 3761 approxi.
1327 3677 1331 3682 '

183 3781 301 3859 matis,
329 3781 549 3850 intermediis
571 3798 605 3845 et
625 3783 767 3864 posticis
789 3785 891 3848 valde
911 3782 1136 3848 distantibus:
1168 3781 1304 3846 femora

185 3873 383 3965 compressa
405 3886 474 3966 jam
492 3884 664 3963 tenuiora,
682 3886 750 3967 jam
770 3884 952 3962 crassiora,
977 3881 1067 3947 tibiae
1087 3901 1304 3964 compressae,

181 3981 399 4051 intermedie
426 4001 460 4054 et
487 3983 623 4067 posticae
650 3987 732 4070 plus
758 3983 924 4076 minusve
947 3985 1151 4070 spinulosae,
1179 3983 1304 4048 antica
