2756 4662
712 407 751 542 ἶ,

176 615 304 681 certior
340 613 452 704 laetus
492 635 579 680 sunu
642 611 861 696 Nuperrime
898 629 986 703 vero
1017 613 1120 678 Doar-
1144 611 1286 690 Miiller'

174 719 311 782 larvam
337 715 597 801 nymphamque
623 713 719 778 Hist.
743 710 917 777 Merdarii
944 713 1105 789 invenit,
1137 735 1284 780 mecum·

177 839 246 902 que
272 813 387 880 statim
415 813 702 892 communicavit,
729 816 825 878 unde
853 816 998 900 figuram
1022 831 1055 877 et
1082 813 1288 902 descriptio,

177 937 261 984 nem
286 917 483 982 adcuratam
512 937 575 980 suo
600 915 676 980 loco
701 913 860 980 inserere
887 914 977 980 mihi
1006 919 1102 980 'nunc
1127 915 1225 979 licet.
1328 942 1330 954 r

280 1116 399 1181 Histri
436 1137 554 1180 omnes
577 1134 692 1197 nuper
717 1136 737 1180 e
764 1114 933 1201 nymphis
958 1129 1133 1180 exeuntes
1159 1117 1285 1180 molles

179 1231 336 1294 tunt,et,
364 1217 426 1300 qui
453 1216 570 1280 colore
592 1214 695 1300 nigro
709 1213 967 1304 insigniuntur,
994 1215 1161 1292 brunnei,
1189 1219 1288 1281 unde

177 1331 350 1384 uumerus
377 1316 574 1400 specierum
602 1315 694 1398 apud
715 1313 894 1380 Auctores
926 1316 1031 1380 nimis
1057 1330 1178 1381 auctus
1206 1317 1289 1382 suit.

177 1416 292 1484 Brevi
334 1437 422 1482 vero
459 1432 613 1498 tempore
649 1429 725 1497 post
751 1415 1045 1498 metamorphosin
1071 1417 1204 1482 sensim
1234 1417 1288 1481 ni-

177 1531 351 1604 grescunt.
415 1516 605 1580 Interdum
633 1529 750 1579 tamen
779 1515 1052 1590 inindividuis
1079 1517 1291 1601 quibusdam

178 1619 273 1681 color
297 1615 363 1678 ille
381 1619 562 1680 brunneus
587 1614 739 1691 diutius,
772 1617 832 1679 vel
849 1615 969 1684 forsan
984 1638 1131 1700 semper,
1146 1638 1290 1682 manere

177 1716 340 1794 videtur,
379 1731 417 1780 ut
458 1736 503 1780 ex
543 1713 674 1778 duritie
702 1714 849 1778 illorum
878 1717 1046 1799 suspicor.
1088 1718 1288 1804 ¹Sequentes

179 1816 313 1898 species
337 1815 453 1902 nigras
469 1815 646 1879 variantes
663 1835 807 1896 corpore
821 1818 981 1881 brunneo
996 1817 1072 1900 ipse
1086 1817 1180 1894 vidi,
1193 1817 1288 1882 scili-

179 1933 247 1981 cet:
274 1918 382 1980 ΗΜ.
405 1918 603 1998 inequalem,
631 1920 801 1998 maJ'orem,
826 1919 1058 1993 cadaverinum,
1080 1920 1286 1995 unicolorem,

181 2021 393 2094 merdarium,
435 2017 682 2093 limaculatum,
721 2031 1025 2105 purpurascentem,
1061 2019 1288 2084 carbonariam

179 2131 215 2181 et
241 2133 461 2201 angustatum.

280 2316 417 2400 Species
454 2334 574 2379 omnes
612 2311 720 2398 hujus
751 2316 893 2403 generis
920 2315 1158 2383 similitudine
1184 2320 1291 2396 valde

180 2433 263 2485 sunt
286 2417 428 2495 affines,
456 2429 604 2478 attamen
630 2415 670 2478 in
693 2417 832 2504 multis,
866 2418 1044 2481 differunt.
1099 2421 1201 2503 Caput
1229 2420 1292 2484 rni-

180 2533 329 2594 nutum,
367 2515 561 2592 retractile,
602 2517 667 2577 sub
705 2519 845 2579 thorace
874 2516 1101 2581 reconditum.
1151 2522 1290 2584 Instru-

179 2631 297 2684 menta
321 2615 450 2680 cibaria
474 2613 570 2678 Hist.
589 2612 798 2679 Unicoloris
823 2614 872 2680 sic
887 2615 1074 2699 descripsi:
1099 2623 1292 2684 Meridibula

180 2736 324 2796 cornea,
353 2715 488 2791 valida,
518 2735 646 2790 crassa,
674 2715 1016 2802 trigonotriquetra,
1052 2719 1149 2802 apice
1175 2741 1293 2784 arcua-
1375 2717 1376 2722 ’

180 2832 230 2895 ta,
257 2832 370 2898 acuta,
397 2815 495 2878 intus
522 2811 712 2878 denticulis
738 2815 948 2899 quibusdam
975 2816 1123 2883 minutis
1147 2819 1295 2884 obtusis.

176 2911 264 3004 Tab.
294 2938 323 2981 ι.
348 2915 372 2978 f.
394 2938 421 2980 a.
473 2915 617 2978 Maxilla
644 2915 758 2995 palpis
782 2915 943 2993 brevior,
973 2917 1212 2996 biarticulata,
1240 2942 1295 2982 co.

181 3017 311 3093 riacea,
331 3015 523 3080 introrsum
546 3011 652 3075 valde
681 3013 811 3078 ciliata:
835 3015 986 3080 articulo
1013 3018 1128 3100 primo
1150 3019 1294 3082 crassio-

180 3137 238 3194 re,
270 3111 607 3198 subovato-trigono,
641 3105 796 3178 secundo
821 3136 1019 3198 compresso
1046 3119 1149 3182 valde
1176 3140 1295 3182 arcua·
1374 3169 1375 3190 ,

179 3231 230 3296 to,
267 3213 365 3299 apice
395 3209 599 3277 acuminato.
629 3212 653 3274 s.
677 3217 709 3275 b.
766 3215 867 3298 Polpi
893 3229 1058 3299 quatuor,
1079 3217 1294 3300 inaequalem

179 3320 355 3382 anteriores
371 3303 525 3379 maxillae
540 3313 642 3376 dorso
655 3313 802 3395 adnexi,
819 3315 1209 3396 4.articulati,articulo
1223 3319 1295 3400 pri·

163 3429 239 3481 'roo
256 3414 374 3493 brevi,
388 3411 570 3490 obconico,
586 3415 739 3478 secundo
758 3430 792 3479 et
811 3414 916 3481 tertio
932 3417 1037 3480 etiam
1056 3416 1245 3494 obconieis,
1260 3433 1295 3482 at
1373 3431 1374 3440 ¹

177 3515 420 3602 longioribus,
450 3513 543 3596 quod
562 3514 604 3576 de
631 3517 784 3579 secundo
808 3515 1001 3597 praesertim
1028 3519 1140 3595 valet,
1170 3533 1295 3602 quarto
1336 3507 1339 3517 ’

178 3607 409 3703 longitudine
451 3611 592 3676 articuli
640 3615 804 3690 secundi,
857 3615 1139 3700 subcylindrico,
1192 3618 1294 3700 apice

163 3715 322 3793 obtuso,
346 3713 403 3802 fig.
424 3733 452 3779 c·
471 3715 666 3795 posteriores
690 3714 874 3778 breviores
897 3717 962 3780 sub
987 3718 1058 3782 basi
1088 3717 1207 3803 ligulae
1233 3740 1292 3782 an-

166 3809 286 3894 nexi,
307 3810 549 3880 triarticulati:
588 3813 704 3896 primo
728 3813 879 3877 articulo
901 3815 1081 3896 tenuiore,
1108 3817 1293 3896 obconico,

177 3915 336 3984 serundo
360 3913 465 3981 etiam
489 3912 670 3993 obconico,
697 3914 874 4002 longiore,
901 3915 1007 3982 tertio
1032 3919 1188 4004 ejusdem
1214 3921 1292 3983 lon·

177 4013 367 4104 gitudinis,
388 4015 451 4082 sed
464 4012 742 4100 suboylindrico,
756 4012 854 4098 apice
869 4017 1007 4082 obtusos
1018 4018 1094 4108 Fig.
1107 4039 1137 4085 e.
1169 4023 1297 4104 Ligula
