2756 4662
739 481 755 530 2

196 689 263 756 nus
305 665 492 732 nonnulle
533 682 634 726 merae
666 676 748 724 sunt
777 657 972 722 varietates.
1034 651 1201 718 Successu
1228 667 1306 715 tem·

194 771 291 854 poris
324 767 438 830 multo
474 765 596 848 plures
631 760 796 846 indagatae
836 774 933 834 sunt,
974 755 1058 818 adeo
1087 770 1124 818 ut
1159 773 1307 835 praesens

193 866 455 956 Monographia
478 867 559 947 plus
585 864 695 943 duplo
718 861 883 942 majorem
912 875 1095 920 numerum
1121 854 1308 929 contineat,

196 992 242 1034 ex
269 969 398 1054 quibus
424 965 539 1029 saltim
560 986 633 1030 xxx
659 961 807 1043 spectes,
836 973 1006 1040 quantum
1031 954 1119 1018 mihi
1134 953 1308 1028 innotuit,

196 1087 296 1134 antea
319 1094 338 1132 a
366 1067 469 1130 nullo
494 1063 731 1148 Entomologo
760 1058 938 1140 descriptae
964 1071 1062 1131 sunt,
1102 1071 1136 1116 et
1160 1058 1309 1136 reliqua·

195 1195 276 1234 rum
303 1190 382 1252 pars
408 1168 515 1252 major
548 1166 633 1228 adeo
666 1160 894 1242 imperfecte,
924 1172 962 1220 ut
990 1155 1177 1238 paucarum
1216 1169 1310 1218 notas

196 1258 489 1340 characteristicon
515 1281 620 1335 antea
644 1260 836 1345 propositas
864 1258 1020 1322 retinere
1049 1256 1233 1340 potuerim.

295 1471 532 1536 Numerosum
554 1455 767 1536 Histrorum
791 1460 1022 1548 genustquod
1052 1455 1306 1524 recentissimis

196 1571 411 1655 temporibus
446 1589 495 1636 tot
539 1572 646 1636 novis
679 1561 822 1625 detectis
853 1559 1103 1640 locupletatum
1128 1574 1196 1635 est,
1239 1557 1308 1617 ido·

198 1674 293 1750 nois,
325 1675 448 1756 procul
475 1674 598 1748 dubio,
624 1665 807 1750 indigebat
832 1659 1147 1725 subdivisionibus.
1211 1657 1311 1720 Ante

152 1834 155 1842 ,
195 1774 363 1841 undecim
389 1797 496 1839 annos
523 1775 563 1837 in
586 1775 709 1836 Fauna
738 1762 880 1825 Svecica
894 1761 1101 1824 elaboranda
1121 1761 1310 1829 desudans,

196 1877 292 1941 hunc
326 1875 502 1944 defectum
525 1873 655 1958 optime
681 1879 854 1951 expertus
882 1853 972 1934 sum,
1010 1865 1232 1942 eundemque
1262 1876 1309 1918 rc-

196 1997 339 2042 movere
365 1976 519 2045 tentaris
544 1972 731 2038 substitere
751 1985 858 2038 vero,
884 1976 922 2022 ut
943 1981 1077 2042 semper
1093 1964 1194 2025 nullo
1208 1977 1310 2042 praee-

195 2095 283 2142 unte
308 2078 464 2144 accidere
488 2079 591 2152 solet,
618 2071 800 2138 conamina
827 2060 899 2126 mea
920 2061 1131 2142 imperfecta.
1181 2061 1310 2122 Plures

196 2179 407 2242 celebriores
436 2176 606 2240 Historiae
637 2170 818 2236 Naturalis
853 2161 1059 2244 Scriptores,
1089 2163 1236 2226 eandem
1261 2159 1310 2222 in-

194 2281 388 2368 grediendo
416 2279 530 2352 viam,
567 2275 659 2358 apud
686 2267 928 2352 entornologos
954 2263 1021 2329 sibi
1047 2263 1188 2350 gratiam
1211 2279 1312 2342 pepe-

196 2396 343 2458 rerunt,
380 2401 466 2462 quos
504 2378 599 2439 inter
637 2397 707 2457 prae
746 2367 873 2453 primis
910 2365 1164 2426 oculatissimus
1212 2364 1313 2423 Dono.

194 2483 333 2546 Muller
375 2475 696 2551 Odenbachiensis,
736 2472 927 2554 praeclarus
955 2461 1217 2550 Monogrspltiae
1247 2460 1311 2524 Hi„

195 2573 372 2658 errorum,
400 2580 461 2662 qui
489 2579 529 2642 in
555 2574 773 2660 ejuspatrio
802 2571 876 2631 solo
906 2564 1153 2644 reperiuntur,
1183 2578 1310 2635 auctor,

195 2673 299 2768 quarn
324 2673 367 2748 in'
391 2660 675 2762 Euromologisclze
709 2673 878 2738 Versnclu
908 2687 935 2726 a.
961 2685 1137 2728 uncccrrr
1169 2663 1310 2744 impres·

194 2807 266 2848 sam
292 2771 463 2882 legimus,
487 2797 555 2844 tam
579 2801 624 2842 ex
638 2777 807 2840 methodo
834 2767 918 2828 illos
940 2763 1193 2838 distribuendi,
1209 2783 1312 2844 quam

192 2884 274 2948 aliis
302 2882 435 2960 titulis,
474 2881 621 2944 eximias
649 2867 850 2960 promeruit
880 2866 1008 2930 laudes.
1071 2864 1197 2926 Defuit
1224 2883 1310 2926 vero

191 2977 263 3066 ipsi
302 2969 537 3048 sufficientem
575 2980 709 3062 copiam
736 2967 943 3056 specierum
971 2964 1194 3029 examinandi
1223 2983 1310 3025 occa·

193 3071 264 3176 sio,
300 3073 396 3148 unde
433 3084 557 3148 evenit
594 3094 632 3142 ut
651 3063 933 3166 'subdivisiones
970 3066 1144 3147 ejusnon
1175 3083 1309 3146 semper

193 3183 271 3248 sine
298 3183 604 3278 emendationibus
626 3173 780 3261 adoptari
807 3167 963 3261 [possint.

291 3388 416 3452 Primo
457 3383 725 3452 multitudinem
764 3375 972 3463 specierum
1009 3384 1109 3433 antea
1136 3367 1175 3430 in
1201 3386 1311 3428 unum

189 3475 301 3576 genus
323 3504 537 3581 congestam,
566 3484 606 3547 in
633 3483 959 3564 duodistirtguere
990 3468 1227 3532 necessarium
1254 3466 1311 3525 du·
1374 3507 1375 3510 η

189 3589 246 3663 xi3
280 3588 390 3672 idque
426 3611 497 3650 non
522 3586 621 3648 modo
639 3584 791 3646 diversa
815 3583 1143 3646 instrumentorum
1170 3564 1311 3628 cibario·

189 3689 271 3780 rum
296 3695 486 3780 structura,
519 3681 580 3748 sed
610 3668 644 3748 et
673 3683 786 3748 omnis
812 3674 977 3748 barbitus,
1019 3671 1311 3750 larvatumquea

169 3801 226 3856 'se
247 3785 407 3866 invicer'n
429 3780 613 3882 menjfesta
634 3782 891 3866 discrepantias,
919 3785 1115 3837 suaserunt.
1166 3761 1310 3835 Generi,
1374 3771 1375 3826 Τ

187 3891 284 3974 quod
323 3888 495 3973 plurimas
530 3889 707 3974 magisque
737 3899 832 3948 notas
877 3873 1010 3958 species
1038 3863 1311 3953 comprehendit,

187 4011 318 4056 nomen
332 3992 479 4054 Hrsrrtr
494 3988 695 4062 reservavi;
722 3987 868 4046 alteram
896 3975 1102 4058 phalangem
1118 3961 1310 4056 segregavi,
1374 3972 1375 4002 l

187 4088 353 4174 imP⁰⁸ii²
375 4091 613 4156 Horourrrs
639 4082 878 4154 denominatio
898 4096 958 4156 tre,
972 4094 1018 4138 ex
1033 4077 1152 4138 Graeeo
1167 4070 1319 4138 vocabat.
